Index,TIMESTAMP,BID_PRICE,BID_SIZE,ASK_PRICE,ASK_SIZE
0,2014-01-02 00:45:01.020274,0.0,3.0,233.98,1.0
1,2014-01-02 00:45:01.520217,0.0,4.0,0.0,3.0
2,2014-01-02 00:45:02.020301,0.0,4.0,0.0,4.0
3,2014-01-02 01:08:22.692413,0.0,4.0,0.0,3.0
4,2014-01-02 01:09:24.700202,0.0,1.0,0.0,3.0
5,2014-01-02 01:09:25.200292,0.0,1.0,233.98,2.0
6,2014-01-02 01:10:12.206330,232.55,1.0,233.98,2.0
7,2014-01-02 01:10:57.712263,232.31,1.0,233.98,2.0
8,2014-01-02 01:15:00.241778,232.31,1.0,233.64,3.0
9,2014-01-02 01:15:00.742388,233.45,2.0,233.63,1.0
10,2014-01-02 01:15:01.242507,233.48,1.0,233.67,4.0
11,2014-01-02 01:15:01.742524,233.57,1.0,233.67,4.0
12,2014-01-02 01:15:02.242629,233.52,1.0,233.57,1.0
13,2014-01-02 01:15:02.742558,233.53,1.0,233.65,1.0
14,2014-01-02 01:15:03.242778,233.52,1.0,233.6,1.0
15,2014-01-02 01:15:03.742875,233.44,1.0,233.48,20.0
16,2014-01-02 01:15:04.242912,233.42,1.0,233.48,10.0
17,2014-01-02 01:15:04.740749,233.36,2.0,233.43,1.0
18,2014-01-02 01:15:05.243498,233.31,1.0,233.38,1.0
19,2014-01-02 01:15:05.743456,233.26,1.0,233.38,1.0
20,2014-01-02 01:15:06.243640,233.3,1.0,233.35,1.0
21,2014-01-02 01:15:06.739411,233.29,14.0,233.36,4.0
22,2014-01-02 01:15:07.243747,233.29,13.0,233.35,4.0
23,2014-01-02 01:15:07.744599,233.29,13.0,233.34,1.0
24,2014-01-02 01:15:08.243977,233.29,12.0,233.33,1.0
25,2014-01-02 01:15:08.744003,233.26,2.0,233.32,1.0
26,2014-01-02 01:15:09.243776,233.16,11.0,233.29,2.0
27,2014-01-02 01:15:09.744417,233.18,3.0,233.29,3.0
28,2014-01-02 01:15:10.244499,233.18,1.0,233.23,1.0
29,2014-01-02 01:15:10.744528,233.16,9.0,233.21,1.0
30,2014-01-02 01:15:11.244529,233.18,1.0,233.24,5.0
31,2014-01-02 01:15:11.744626,233.18,2.0,233.24,4.0
32,2014-01-02 01:15:12.240567,233.19,1.0,233.24,6.0
33,2014-01-02 01:15:12.744622,233.18,1.0,233.23,1.0
34,2014-01-02 01:15:13.245042,233.16,9.0,233.22,1.0
35,2014-01-02 01:15:13.745057,233.16,3.0,233.24,1.0
36,2014-01-02 01:15:14.245115,233.17,1.0,233.22,1.0
37,2014-01-02 01:15:14.741253,233.19,2.0,233.23,1.0
38,2014-01-02 01:15:15.245453,233.2,3.0,233.28,4.0
39,2014-01-02 01:15:15.745516,233.22,1.0,233.28,2.0
40,2014-01-02 01:15:16.245597,233.17,3.0,233.25,4.0
41,2014-01-02 01:15:16.745684,233.21,1.0,233.27,1.0
42,2014-01-02 01:15:17.245878,233.21,2.0,233.27,4.0
43,2014-01-02 01:15:17.745931,233.19,5.0,233.25,1.0
44,2014-01-02 01:15:18.245776,233.19,8.0,233.25,3.0
45,2014-01-02 01:15:18.746051,233.19,3.0,233.24,2.0
46,2014-01-02 01:15:19.246222,233.19,6.0,233.25,3.0
47,2014-01-02 01:15:19.746274,233.2,2.0,233.25,2.0
48,2014-01-02 01:15:20.246362,233.17,6.0,233.25,7.0
49,2014-01-02 01:15:20.746551,233.17,3.0,233.21,1.0
50,2014-01-02 01:15:21.246573,233.17,2.0,233.23,1.0
51,2014-01-02 01:15:21.746686,233.19,1.0,233.24,7.0
52,2014-01-02 01:15:22.243166,233.18,1.0,233.24,11.0
53,2014-01-02 01:15:22.746873,233.19,1.0,233.24,2.0
54,2014-01-02 01:15:23.246885,233.18,1.0,233.24,4.0
55,2014-01-02 01:15:23.747019,233.18,5.0,233.24,2.0
56,2014-01-02 01:15:24.247123,233.18,3.0,233.24,3.0
57,2014-01-02 01:15:24.747259,233.21,2.0,233.27,1.0
58,2014-01-02 01:15:25.245485,233.21,1.0,233.25,2.0
59,2014-01-02 01:15:25.747441,233.18,1.0,233.24,1.0
60,2014-01-02 01:15:26.248222,233.17,2.0,233.24,1.0
61,2014-01-02 01:15:26.747522,233.18,1.0,233.24,3.0
62,2014-01-02 01:15:27.247652,233.19,2.0,233.25,1.0
63,2014-01-02 01:15:27.747719,233.19,3.0,233.24,2.0
64,2014-01-02 01:15:28.247829,233.19,4.0,233.24,3.0
65,2014-01-02 01:15:28.747899,233.2,2.0,233.26,1.0
66,2014-01-02 01:15:29.247820,233.21,1.0,233.25,1.0
67,2014-01-02 01:15:29.748135,233.23,2.0,233.27,2.0
68,2014-01-02 01:15:30.248910,233.23,3.0,233.28,5.0
69,2014-01-02 01:15:30.748264,233.24,1.0,233.28,3.0
70,2014-01-02 01:15:31.248059,233.22,3.0,233.28,1.0
71,2014-01-02 01:15:31.748317,233.22,2.0,233.28,2.0
72,2014-01-02 01:15:32.248639,233.22,1.0,233.28,1.0
73,2014-01-02 01:15:32.748695,233.23,2.0,233.28,2.0
74,2014-01-02 01:15:34.748941,233.23,2.0,233.27,1.0
75,2014-01-02 01:15:35.749248,233.22,2.0,233.27,3.0
76,2014-01-02 01:15:36.249248,233.22,3.0,233.27,2.0
77,2014-01-02 01:15:36.749638,233.22,2.0,233.27,4.0
78,2014-01-02 01:15:37.249619,233.22,1.0,233.27,6.0
79,2014-01-02 01:15:37.749711,233.21,2.0,233.26,4.0
80,2014-01-02 01:15:38.249870,233.21,1.0,233.26,5.0
81,2014-01-02 01:15:38.749885,233.23,2.0,233.27,3.0
82,2014-01-02 01:15:39.249741,233.22,1.0,233.26,1.0
83,2014-01-02 01:15:39.749858,233.2,2.0,233.27,2.0
84,2014-01-02 01:15:40.250185,233.21,2.0,233.25,1.0
85,2014-01-02 01:15:40.750138,233.21,2.0,233.27,2.0
86,2014-01-02 01:15:41.250343,233.21,2.0,233.26,2.0
87,2014-01-02 01:15:42.250426,233.24,3.0,233.28,1.0
88,2014-01-02 01:15:42.750396,233.24,4.0,233.28,1.0
89,2014-01-02 01:15:43.251037,233.25,13.0,233.29,1.0
90,2014-01-02 01:15:43.750964,233.28,1.0,233.32,2.0
91,2014-01-02 01:15:44.251803,233.26,3.0,233.32,1.0
92,2014-01-02 01:15:44.751976,233.26,3.0,233.31,6.0
93,2014-01-02 01:15:45.251160,233.27,1.0,233.31,6.0
94,2014-01-02 01:15:45.751320,233.25,10.0,233.3,1.0
95,2014-01-02 01:15:46.251210,233.26,2.0,233.34,3.0
96,2014-01-02 01:15:46.751326,233.26,2.0,233.3,1.0
97,2014-01-02 01:15:47.251394,233.27,1.0,233.34,2.0
98,2014-01-02 01:15:47.751487,233.25,12.0,233.31,1.0
99,2014-01-02 01:15:48.251712,233.25,11.0,233.31,3.0
100,2014-01-02 01:15:48.751656,233.25,10.0,233.31,3.0
101,2014-01-02 01:15:49.752125,233.25,5.0,233.3,2.0
102,2014-01-02 01:15:50.752286,233.25,5.0,233.3,5.0
103,2014-01-02 01:15:51.255924,233.28,3.0,233.37,3.0
104,2014-01-02 01:15:51.750025,233.27,1.0,233.34,5.0
105,2014-01-02 01:15:52.253292,233.26,1.0,233.33,4.0
106,2014-01-02 01:15:52.753072,233.23,1.0,233.31,2.0
107,2014-01-02 01:15:53.253292,233.23,1.0,233.29,1.0
108,2014-01-02 01:15:53.753184,233.22,3.0,233.28,1.0
109,2014-01-02 01:15:54.252904,233.22,4.0,233.28,1.0
110,2014-01-02 01:15:54.753177,233.22,2.0,233.28,3.0
111,2014-01-02 01:15:55.253301,233.21,6.0,233.27,3.0
112,2014-01-02 01:15:55.753192,233.21,6.0,233.26,1.0
113,2014-01-02 01:15:56.253280,233.21,8.0,233.26,2.0
114,2014-01-02 01:15:56.753353,233.22,1.0,233.26,3.0
115,2014-01-02 01:15:57.253468,233.22,1.0,233.26,2.0
116,2014-01-02 01:15:57.753548,233.21,7.0,233.26,1.0
117,2014-01-02 01:15:58.253862,233.21,7.0,233.26,2.0
118,2014-01-02 01:15:58.754014,233.21,6.0,233.26,4.0
119,2014-01-02 01:15:59.253871,233.21,9.0,233.26,3.0
120,2014-01-02 01:15:59.753941,233.22,1.0,233.26,3.0
121,2014-01-02 01:16:00.254319,233.22,3.0,233.26,1.0
122,2014-01-02 01:16:00.754462,233.19,3.0,233.25,2.0
123,2014-01-02 01:16:01.255280,233.2,3.0,233.24,1.0
124,2014-01-02 01:16:01.754730,233.18,12.0,233.25,1.0
125,2014-01-02 01:16:02.255523,233.17,8.0,233.24,7.0
126,2014-01-02 01:16:02.754941,233.17,8.0,233.23,2.0
127,2014-01-02 01:16:03.255005,233.16,2.0,233.2,2.0
128,2014-01-02 01:16:03.755325,233.14,5.0,233.2,3.0
129,2014-01-02 01:16:04.255197,233.16,1.0,233.2,3.0
130,2014-01-02 01:16:04.755958,233.06,3.0,233.14,1.0
131,2014-01-02 01:16:05.250472,233.11,2.0,233.18,10.0
132,2014-01-02 01:16:05.755489,233.11,3.0,233.18,5.0
133,2014-01-02 01:16:06.253125,233.11,2.0,233.18,3.0
134,2014-01-02 01:16:06.755267,233.12,3.0,233.18,2.0
135,2014-01-02 01:16:07.255733,233.12,3.0,233.18,1.0
136,2014-01-02 01:16:07.755457,233.12,3.0,233.2,5.0
137,2014-01-02 01:16:08.255733,233.14,2.0,233.2,2.0
138,2014-01-02 01:16:08.756032,233.13,2.0,233.2,3.0
139,2014-01-02 01:16:09.256957,233.14,4.0,233.21,1.0
140,2014-01-02 01:16:09.757083,233.16,2.0,233.23,2.0
141,2014-01-02 01:16:10.256330,233.16,2.0,233.21,1.0
142,2014-01-02 01:16:10.756257,233.15,1.0,233.21,2.0
143,2014-01-02 01:16:11.256244,233.14,4.0,233.22,3.0
144,2014-01-02 01:16:11.756389,233.14,3.0,233.2,1.0
145,2014-01-02 01:16:12.256578,233.14,1.0,233.21,3.0
146,2014-01-02 01:16:12.756805,233.12,1.0,233.16,1.0
147,2014-01-02 01:16:13.256885,233.11,5.0,233.19,3.0
148,2014-01-02 01:16:13.756563,233.11,7.0,233.19,1.0
149,2014-01-02 01:16:14.256809,233.11,6.0,233.19,1.0
150,2014-01-02 01:16:15.257058,233.12,1.0,233.19,1.0
151,2014-01-02 01:16:15.757746,233.13,4.0,233.19,1.0
152,2014-01-02 01:16:17.757338,233.14,1.0,233.19,1.0
153,2014-01-02 01:16:18.257587,233.14,2.0,233.2,5.0
154,2014-01-02 01:16:18.758003,233.14,3.0,233.2,4.0
155,2014-01-02 01:16:19.257936,233.14,4.0,233.2,4.0
156,2014-01-02 01:16:19.758108,233.16,5.0,233.24,1.0
157,2014-01-02 01:16:20.258023,233.17,2.0,233.24,1.0
158,2014-01-02 01:16:20.755783,233.22,7.0,233.28,5.0
159,2014-01-02 01:16:21.258535,233.22,9.0,233.28,6.0
160,2014-01-02 01:16:21.758607,233.22,9.0,233.28,7.0
161,2014-01-02 01:16:22.758404,233.22,10.0,233.28,8.0
162,2014-01-02 01:16:23.759001,233.22,9.0,233.28,5.0
163,2014-01-02 01:16:24.758779,233.22,9.0,233.28,4.0
164,2014-01-02 01:16:25.259028,233.23,2.0,233.29,2.0
165,2014-01-02 01:16:25.759206,233.24,2.0,233.3,1.0
166,2014-01-02 01:16:26.759422,233.24,1.0,233.3,1.0
167,2014-01-02 01:16:27.759537,233.24,2.0,233.3,1.0
168,2014-01-02 01:16:28.259516,233.24,1.0,233.3,1.0
169,2014-01-02 01:16:28.759529,233.24,4.0,233.3,1.0
170,2014-01-02 01:16:29.259829,233.24,3.0,233.3,2.0
171,2014-01-02 01:16:30.760080,233.24,3.0,233.29,1.0
172,2014-01-02 01:16:31.256683,233.23,3.0,233.27,2.0
173,2014-01-02 01:16:31.760035,233.23,2.0,233.29,2.0
174,2014-01-02 01:16:32.260101,233.23,1.0,233.28,1.0
175,2014-01-02 01:16:32.758878,233.27,2.0,233.31,1.0
176,2014-01-02 01:16:33.260845,233.23,1.0,233.3,2.0
177,2014-01-02 01:16:33.760514,233.23,2.0,233.3,1.0
178,2014-01-02 01:16:34.260400,233.24,3.0,233.3,1.0
179,2014-01-02 01:16:34.760697,233.24,4.0,233.3,1.0
180,2014-01-02 01:16:35.760723,233.24,4.0,233.3,3.0
181,2014-01-02 01:16:36.262579,233.24,4.0,233.3,2.0
182,2014-01-02 01:16:37.261715,233.24,4.0,233.3,3.0
183,2014-01-02 01:16:37.762389,233.25,3.0,233.3,2.0
184,2014-01-02 01:16:38.763101,233.28,10.0,233.34,6.0
185,2014-01-02 01:16:39.262319,233.28,10.0,233.34,7.0
186,2014-01-02 01:16:40.262459,233.28,9.0,233.34,7.0
187,2014-01-02 01:16:40.763026,233.28,9.0,233.33,2.0
188,2014-01-02 01:16:41.262704,233.27,4.0,233.33,1.0
189,2014-01-02 01:16:42.261284,233.26,1.0,233.33,3.0
190,2014-01-02 01:16:42.762696,233.26,3.0,233.34,6.0
191,2014-01-02 01:16:43.263023,233.27,1.0,233.33,1.0
192,2014-01-02 01:16:44.263507,233.29,2.0,233.33,1.0
193,2014-01-02 01:16:44.764078,233.29,2.0,233.34,6.0
194,2014-01-02 01:16:45.263378,233.29,4.0,233.34,6.0
195,2014-01-02 01:16:45.763898,233.29,7.0,233.34,8.0
196,2014-01-02 01:16:46.264024,233.29,7.0,233.33,5.0
197,2014-01-02 01:16:46.763987,233.29,8.0,233.34,8.0
198,2014-01-02 01:16:47.764474,233.29,6.0,233.34,7.0
199,2014-01-02 01:16:48.264348,233.3,2.0,233.34,7.0
200,2014-01-02 01:16:48.764495,233.3,4.0,233.34,8.0
201,2014-01-02 01:16:49.264773,233.29,4.0,233.34,8.0
202,2014-01-02 01:16:49.764306,233.3,2.0,233.36,1.0
203,2014-01-02 01:16:50.265006,233.3,5.0,233.36,1.0
204,2014-01-02 01:16:50.765395,233.34,11.0,233.38,4.0
205,2014-01-02 01:16:51.265917,233.34,1.0,233.38,4.0
206,2014-01-02 01:16:51.765965,233.32,3.0,233.38,4.0
207,2014-01-02 01:16:52.266057,233.32,1.0,233.37,10.0
208,2014-01-02 01:16:52.766083,233.32,1.0,233.37,8.0
209,2014-01-02 01:16:53.265952,233.32,3.0,233.38,4.0
210,2014-01-02 01:16:55.266670,233.33,2.0,233.38,3.0
211,2014-01-02 01:16:55.766428,233.33,1.0,233.38,3.0
212,2014-01-02 01:16:56.266527,233.33,1.0,233.37,3.0
213,2014-01-02 01:16:56.766567,233.33,2.0,233.38,3.0
214,2014-01-02 01:16:57.266695,233.32,7.0,233.38,2.0
215,2014-01-02 01:16:57.766602,233.34,1.0,233.42,4.0
216,2014-01-02 01:16:58.267731,233.37,2.0,233.43,3.0
217,2014-01-02 01:16:58.767865,233.39,1.0,233.43,3.0
218,2014-01-02 01:16:59.767920,233.36,2.0,233.4,2.0
219,2014-01-02 01:17:00.268068,233.37,2.0,233.44,3.0
220,2014-01-02 01:17:00.768542,233.39,1.0,233.46,1.0
221,2014-01-02 01:17:01.268348,233.39,2.0,233.46,1.0
222,2014-01-02 01:17:01.768400,233.39,2.0,233.46,2.0
223,2014-01-02 01:17:02.768990,233.44,8.0,233.48,1.0
224,2014-01-02 01:17:03.268850,233.44,8.0,233.49,4.0
225,2014-01-02 01:17:03.769006,233.45,3.0,233.5,1.0
226,2014-01-02 01:17:04.268988,233.44,7.0,233.5,6.0
227,2014-01-02 01:17:04.769251,233.47,3.0,233.52,1.0
228,2014-01-02 01:17:05.269262,233.45,1.0,233.51,1.0
229,2014-01-02 01:17:05.769318,233.45,1.0,233.5,1.0
230,2014-01-02 01:17:06.269797,233.44,11.0,233.48,2.0
231,2014-01-02 01:17:06.769905,233.41,3.0,233.48,3.0
232,2014-01-02 01:17:07.269875,233.41,1.0,233.48,6.0
233,2014-01-02 01:17:07.770004,233.4,3.0,233.44,1.0
234,2014-01-02 01:17:08.270339,233.35,1.0,233.43,1.0
235,2014-01-02 01:17:08.770361,233.37,4.0,233.44,1.0
236,2014-01-02 01:17:09.270347,233.39,1.0,233.46,1.0
237,2014-01-02 01:17:09.770446,233.37,3.0,233.44,1.0
238,2014-01-02 01:17:10.270753,233.37,4.0,233.45,3.0
239,2014-01-02 01:17:10.770616,233.37,4.0,233.45,1.0
240,2014-01-02 01:17:11.270958,233.46,11.0,233.52,1.0
241,2014-01-02 01:17:12.271046,233.48,2.0,233.52,1.0
242,2014-01-02 01:17:12.771118,233.46,12.0,233.52,3.0
243,2014-01-02 01:17:13.270963,233.46,11.0,233.52,3.0
244,2014-01-02 01:17:13.771705,233.46,11.0,233.51,1.0
245,2014-01-02 01:17:14.271645,233.46,11.0,233.51,2.0
246,2014-01-02 01:17:14.771922,233.49,6.0,233.52,1.0
247,2014-01-02 01:17:15.272273,233.46,11.0,233.52,3.0
248,2014-01-02 01:17:15.772428,233.46,12.0,233.52,2.0
249,2014-01-02 01:17:16.272234,233.46,12.0,233.52,7.0
250,2014-01-02 01:17:16.772271,233.46,12.0,233.51,1.0
251,2014-01-02 01:17:17.272409,233.46,9.0,233.51,4.0
252,2014-01-02 01:17:17.772700,233.46,11.0,233.5,1.0
253,2014-01-02 01:17:18.273246,233.47,1.0,233.52,3.0
254,2014-01-02 01:17:18.773138,233.47,1.0,233.51,1.0
255,2014-01-02 01:17:19.273314,233.46,11.0,233.51,1.0
256,2014-01-02 01:17:19.773361,233.47,9.0,233.52,2.0
257,2014-01-02 01:17:20.273097,233.48,1.0,233.52,2.0
258,2014-01-02 01:17:20.773415,233.48,1.0,233.52,1.0
259,2014-01-02 01:17:21.273976,233.47,2.0,233.52,1.0
260,2014-01-02 01:17:21.773850,233.46,17.0,233.52,1.0
261,2014-01-02 01:17:22.274219,233.46,16.0,233.52,8.0
262,2014-01-02 01:17:22.774226,233.46,15.0,233.5,1.0
263,2014-01-02 01:17:23.274599,233.44,4.0,233.49,2.0
264,2014-01-02 01:17:23.774637,233.46,5.0,233.5,3.0
265,2014-01-02 01:17:24.274635,233.46,5.0,233.51,1.0
266,2014-01-02 01:17:24.774421,233.46,5.0,233.5,1.0
267,2014-01-02 01:17:25.774768,233.44,3.0,233.5,1.0
268,2014-01-02 01:17:26.274882,233.44,4.0,233.48,2.0
269,2014-01-02 01:17:26.775230,233.45,1.0,233.5,1.0
270,2014-01-02 01:17:27.275292,233.44,5.0,233.49,5.0
271,2014-01-02 01:17:27.775611,233.44,4.0,233.48,2.0
272,2014-01-02 01:17:28.775783,233.41,1.0,233.47,1.0
273,2014-01-02 01:17:29.278334,233.41,2.0,233.46,1.0
274,2014-01-02 01:17:29.775936,233.41,3.0,233.46,6.0
275,2014-01-02 01:17:30.776171,233.42,1.0,233.49,6.0
276,2014-01-02 01:17:31.276412,233.42,4.0,233.48,1.0
277,2014-01-02 01:17:31.776296,233.42,2.0,233.48,1.0
278,2014-01-02 01:17:32.776143,233.43,3.0,233.48,1.0
279,2014-01-02 01:17:33.276636,233.41,2.0,233.45,2.0
280,2014-01-02 01:17:35.777136,233.4,2.0,233.45,2.0
281,2014-01-02 01:17:37.777892,233.4,2.0,233.44,6.0
282,2014-01-02 01:17:38.778214,233.4,3.0,233.45,1.0
283,2014-01-02 01:17:40.778343,233.4,4.0,233.45,1.0
284,2014-01-02 01:17:41.278782,233.42,5.0,233.48,3.0
285,2014-01-02 01:17:41.778686,233.42,4.0,233.47,1.0
286,2014-01-02 01:17:42.778601,233.42,5.0,233.47,1.0
287,2014-01-02 01:17:43.277621,233.42,5.0,233.48,3.0
288,2014-01-02 01:17:43.779474,233.42,6.0,233.48,3.0
289,2014-01-02 01:17:44.279564,233.43,1.0,233.48,2.0
290,2014-01-02 01:17:45.279784,233.43,1.0,233.48,3.0
291,2014-01-02 01:17:45.779995,233.44,1.0,233.49,8.0
292,2014-01-02 01:17:46.280102,233.44,13.0,233.49,9.0
293,2014-01-02 01:17:46.780277,233.46,1.0,233.5,1.0
294,2014-01-02 01:17:47.280495,233.46,19.0,233.52,2.0
295,2014-01-02 01:17:48.280993,233.48,18.0,233.52,1.0
296,2014-01-02 01:17:48.780782,233.49,2.0,233.52,1.0
297,2014-01-02 01:17:49.781056,233.5,13.0,233.52,1.0
298,2014-01-02 01:17:50.280909,233.52,3.0,233.59,1.0
299,2014-01-02 01:17:50.781573,233.55,5.0,233.59,1.0
300,2014-01-02 01:17:51.281490,233.56,1.0,233.61,10.0
301,2014-01-02 01:17:51.781905,233.59,2.0,233.68,1.0
302,2014-01-02 01:17:52.281740,233.81,2.0,233.9,1.0
303,2014-01-02 01:17:52.783220,233.79,1.0,233.92,4.0
304,2014-01-02 01:17:53.282422,233.86,1.0,233.9,4.0
305,2014-01-02 01:17:53.777306,233.85,12.0,233.93,15.0
306,2014-01-02 01:17:54.282529,233.85,12.0,233.91,1.0
307,2014-01-02 01:17:54.782586,233.86,1.0,233.91,2.0
308,2014-01-02 01:17:55.282907,233.85,5.0,233.9,6.0
309,2014-01-02 01:17:55.782767,233.78,1.0,233.86,3.0
310,2014-01-02 01:17:56.278403,233.77,6.0,233.84,2.0
311,2014-01-02 01:17:56.782876,233.79,1.0,233.84,3.0
312,2014-01-02 01:17:57.283232,233.79,1.0,233.84,5.0
313,2014-01-02 01:17:57.783444,233.77,2.0,233.83,7.0
314,2014-01-02 01:17:58.283061,233.76,17.0,233.82,4.0
315,2014-01-02 01:17:58.784423,233.76,17.0,233.8,1.0
316,2014-01-02 01:17:59.283723,233.78,2.0,233.82,2.0
317,2014-01-02 01:18:00.284206,233.76,17.0,233.81,1.0
318,2014-01-02 01:18:00.784257,233.76,17.0,233.82,4.0
319,2014-01-02 01:18:01.284520,233.76,17.0,233.81,5.0
320,2014-01-02 01:18:02.284515,233.76,17.0,233.8,3.0
321,2014-01-02 01:18:02.784828,233.76,17.0,233.8,2.0
322,2014-01-02 01:18:03.284888,233.73,3.0,233.79,3.0
323,2014-01-02 01:18:03.784871,233.73,3.0,233.79,4.0
324,2014-01-02 01:18:04.285280,233.73,1.0,233.78,4.0
325,2014-01-02 01:18:04.784880,233.73,2.0,233.78,4.0
326,2014-01-02 01:18:05.285615,233.73,1.0,233.78,4.0
327,2014-01-02 01:18:05.785154,233.73,1.0,233.79,1.0
328,2014-01-02 01:18:06.285860,233.72,3.0,233.77,3.0
329,2014-01-02 01:18:06.785938,233.7,2.0,233.75,1.0
330,2014-01-02 01:18:07.286088,233.69,1.0,233.75,2.0
331,2014-01-02 01:18:07.786378,233.69,1.0,233.74,5.0
332,2014-01-02 01:18:08.286341,233.68,2.0,233.73,3.0
333,2014-01-02 01:18:08.787042,233.68,1.0,233.72,3.0
334,2014-01-02 01:18:09.786897,233.66,1.0,233.72,7.0
335,2014-01-02 01:18:10.286839,233.67,1.0,233.73,3.0
336,2014-01-02 01:18:10.786867,233.65,4.0,233.73,6.0
337,2014-01-02 01:18:11.287016,233.65,5.0,233.73,6.0
338,2014-01-02 01:18:11.787332,233.65,2.0,233.71,3.0
339,2014-01-02 01:18:12.287555,233.66,1.0,233.72,6.0
340,2014-01-02 01:18:12.787110,233.66,1.0,233.71,1.0
341,2014-01-02 01:18:13.287429,233.66,2.0,233.7,1.0
342,2014-01-02 01:18:13.787473,233.67,6.0,233.73,3.0
343,2014-01-02 01:18:14.787884,233.71,4.0,233.75,1.0
344,2014-01-02 01:18:15.287827,233.71,3.0,233.75,1.0
345,2014-01-02 01:18:15.787924,233.7,2.0,233.76,1.0
346,2014-01-02 01:18:16.288125,233.73,2.0,233.78,4.0
347,2014-01-02 01:18:16.788382,233.73,3.0,233.78,2.0
348,2014-01-02 01:18:17.288533,233.71,4.0,233.77,2.0
349,2014-01-02 01:18:17.788467,233.71,1.0,233.76,1.0
350,2014-01-02 01:18:18.288500,233.7,2.0,233.76,2.0
351,2014-01-02 01:18:19.288830,233.71,1.0,233.76,5.0
352,2014-01-02 01:18:19.788876,233.7,3.0,233.76,1.0
353,2014-01-02 01:18:20.288912,233.7,1.0,233.76,4.0
354,2014-01-02 01:18:20.788910,233.69,5.0,233.76,4.0
355,2014-01-02 01:18:21.289297,233.69,3.0,233.75,4.0
356,2014-01-02 01:18:21.789365,233.69,3.0,233.75,1.0
357,2014-01-02 01:18:22.289690,233.69,2.0,233.74,2.0
358,2014-01-02 01:18:22.789737,233.69,2.0,233.75,5.0
359,2014-01-02 01:18:23.289886,233.69,6.0,233.75,3.0
360,2014-01-02 01:18:24.290033,233.7,3.0,233.75,1.0
361,2014-01-02 01:18:24.789879,233.71,1.0,233.75,1.0
362,2014-01-02 01:18:25.290222,233.71,2.0,233.75,2.0
363,2014-01-02 01:18:25.790098,233.71,3.0,233.75,1.0
364,2014-01-02 01:18:26.290212,233.71,4.0,233.75,1.0
365,2014-01-02 01:18:26.788785,233.74,2.0,233.78,4.0
366,2014-01-02 01:18:27.290602,233.73,16.0,233.78,4.0
367,2014-01-02 01:18:27.790819,233.74,1.0,233.78,3.0
368,2014-01-02 01:18:28.290793,233.75,1.0,233.79,7.0
369,2014-01-02 01:18:28.791340,233.74,2.0,233.79,7.0
370,2014-01-02 01:18:29.291508,233.75,2.0,233.81,4.0
371,2014-01-02 01:18:29.791866,233.76,4.0,233.82,1.0
372,2014-01-02 01:18:30.291933,233.78,1.0,233.82,1.0
373,2014-01-02 01:18:30.791942,233.78,1.0,233.83,4.0
374,2014-01-02 01:18:31.291970,233.79,1.0,233.84,3.0
375,2014-01-02 01:18:31.792021,233.77,1.0,233.84,6.0
376,2014-01-02 01:18:32.292298,233.78,4.0,233.84,3.0
377,2014-01-02 01:18:32.792378,233.78,4.0,233.84,2.0
378,2014-01-02 01:18:33.292835,233.79,3.0,233.85,1.0
379,2014-01-02 01:18:33.792840,233.78,2.0,233.84,4.0
380,2014-01-02 01:18:34.291104,233.78,1.0,233.83,1.0
381,2014-01-02 01:18:34.793037,233.77,3.0,233.82,4.0
382,2014-01-02 01:18:35.292903,233.75,1.0,233.81,3.0
383,2014-01-02 01:18:35.792768,233.74,1.0,233.79,2.0
384,2014-01-02 01:18:36.293723,233.73,1.0,233.79,2.0
385,2014-01-02 01:18:38.794540,233.72,6.0,233.78,3.0
386,2014-01-02 01:18:39.294268,233.73,1.0,233.79,4.0
387,2014-01-02 01:18:40.294383,233.72,3.0,233.78,5.0
388,2014-01-02 01:18:40.794311,233.73,3.0,233.79,5.0
389,2014-01-02 01:18:41.294380,233.73,1.0,233.78,1.0
390,2014-01-02 01:18:41.794572,233.77,6.0,233.81,1.0
391,2014-01-02 01:18:42.294567,233.75,1.0,233.81,2.0
392,2014-01-02 01:18:42.794498,233.75,2.0,233.81,3.0
393,2014-01-02 01:18:43.292429,233.75,5.0,233.81,1.0
394,2014-01-02 01:18:44.295688,233.75,13.0,233.8,1.0
395,2014-01-02 01:18:44.795824,233.75,13.0,233.8,2.0
396,2014-01-02 01:18:45.295879,233.75,14.0,233.81,2.0
397,2014-01-02 01:18:45.795762,233.75,16.0,233.81,12.0
398,2014-01-02 01:18:46.796149,233.75,15.0,233.8,1.0
399,2014-01-02 01:18:47.296025,233.76,1.0,233.8,6.0
400,2014-01-02 01:18:47.796126,233.76,1.0,233.8,7.0
401,2014-01-02 01:18:48.296251,233.75,16.0,233.79,1.0
402,2014-01-02 01:18:49.296582,233.75,15.0,233.78,1.0
403,2014-01-02 01:18:49.796427,233.75,16.0,233.8,8.0
404,2014-01-02 01:18:50.296491,233.75,15.0,233.78,3.0
405,2014-01-02 01:18:50.796571,233.75,16.0,233.78,3.0
406,2014-01-02 01:18:51.296700,233.76,1.0,233.79,1.0
407,2014-01-02 01:18:52.295311,233.76,1.0,233.79,2.0
408,2014-01-02 01:18:53.297273,233.75,16.0,233.78,2.0
409,2014-01-02 01:18:53.797351,233.75,15.0,233.78,3.0
410,2014-01-02 01:18:54.297269,233.75,13.0,233.78,4.0
411,2014-01-02 01:18:54.797552,233.75,11.0,233.78,2.0
412,2014-01-02 01:18:55.298034,233.74,3.0,233.78,2.0
413,2014-01-02 01:18:55.797960,233.74,3.0,233.77,2.0
414,2014-01-02 01:18:56.297644,233.74,3.0,233.77,3.0
415,2014-01-02 01:18:56.797747,233.74,6.0,233.77,5.0
416,2014-01-02 01:18:57.297828,233.74,5.0,233.77,6.0
417,2014-01-02 01:18:57.798198,233.73,5.0,233.77,8.0
418,2014-01-02 01:18:58.298174,233.73,3.0,233.76,2.0
419,2014-01-02 01:18:59.299805,233.72,3.0,233.76,1.0
420,2014-01-02 01:18:59.800223,233.7,1.0,233.75,5.0
421,2014-01-02 01:19:00.300040,233.7,1.0,233.75,2.0
422,2014-01-02 01:19:00.800339,233.7,2.0,233.74,1.0
423,2014-01-02 01:19:01.300373,233.7,5.0,233.76,1.0
424,2014-01-02 01:19:01.800248,233.7,4.0,233.76,1.0
425,2014-01-02 01:19:02.299341,233.71,4.0,233.77,9.0
426,2014-01-02 01:19:03.300979,233.67,2.0,233.73,2.0
427,2014-01-02 01:19:04.301001,233.68,4.0,233.74,2.0
428,2014-01-02 01:19:04.801128,233.69,1.0,233.74,1.0
429,2014-01-02 01:19:06.301904,233.67,2.0,233.72,4.0
430,2014-01-02 01:19:06.802305,233.68,4.0,233.75,2.0
431,2014-01-02 01:19:07.302121,233.67,3.0,233.72,3.0
432,2014-01-02 01:19:07.802542,233.68,1.0,233.72,3.0
433,2014-01-02 01:19:09.302494,233.67,5.0,233.72,5.0
434,2014-01-02 01:19:09.802658,233.68,9.0,233.72,2.0
435,2014-01-02 01:19:10.302701,233.68,8.0,233.72,2.0
436,2014-01-02 01:19:10.803108,233.68,5.0,233.72,3.0
437,2014-01-02 01:19:11.302744,233.68,5.0,233.72,5.0
438,2014-01-02 01:19:11.803149,233.68,4.0,233.72,5.0
439,2014-01-02 01:19:12.303102,233.65,3.0,233.71,9.0
440,2014-01-02 01:19:13.303402,233.66,2.0,233.71,9.0
441,2014-01-02 01:19:13.803959,233.66,2.0,233.71,8.0
442,2014-01-02 01:19:14.304010,233.65,2.0,233.7,5.0
443,2014-01-02 01:19:14.804027,233.65,6.0,233.69,1.0
444,2014-01-02 01:19:15.304182,233.63,2.0,233.68,3.0
445,2014-01-02 01:19:15.804086,233.63,1.0,233.68,3.0
446,2014-01-02 01:19:16.303909,233.63,1.0,233.68,1.0
447,2014-01-02 01:19:16.804323,233.62,4.0,233.68,1.0
448,2014-01-02 01:19:17.304531,233.63,1.0,233.68,1.0
449,2014-01-02 01:19:17.804665,233.63,2.0,233.7,5.0
450,2014-01-02 01:19:18.304677,233.64,1.0,233.69,4.0
451,2014-01-02 01:19:18.805086,233.63,1.0,233.68,3.0
452,2014-01-02 01:19:19.805424,233.64,1.0,233.7,6.0
453,2014-01-02 01:19:20.305178,233.62,2.0,233.67,7.0
454,2014-01-02 01:19:21.305975,233.62,2.0,233.66,1.0
455,2014-01-02 01:19:21.805666,233.62,4.0,233.66,1.0
456,2014-01-02 01:19:22.305879,233.62,4.0,233.65,1.0
457,2014-01-02 01:19:22.806070,233.62,5.0,233.66,1.0
458,2014-01-02 01:19:23.306165,233.62,2.0,233.65,1.0
459,2014-01-02 01:19:23.806240,233.62,1.0,233.65,1.0
460,2014-01-02 01:19:24.806962,233.58,1.0,233.64,6.0
461,2014-01-02 01:19:25.306561,233.6,1.0,233.64,4.0
462,2014-01-02 01:19:25.806800,233.59,2.0,233.65,3.0
463,2014-01-02 01:19:26.306896,233.61,5.0,233.65,6.0
464,2014-01-02 01:19:26.806885,233.61,5.0,233.64,1.0
465,2014-01-02 01:19:27.806707,233.61,4.0,233.65,6.0
466,2014-01-02 01:19:28.307133,233.61,10.0,233.65,4.0
467,2014-01-02 01:19:28.807687,233.61,11.0,233.65,4.0
468,2014-01-02 01:19:29.307902,233.62,3.0,233.66,1.0
469,2014-01-02 01:19:29.807578,233.62,9.0,233.66,1.0
470,2014-01-02 01:19:30.307751,233.62,8.0,233.66,1.0
471,2014-01-02 01:19:31.308143,233.63,1.0,233.66,4.0
472,2014-01-02 01:19:31.808017,233.63,2.0,233.66,4.0
473,2014-01-02 01:19:32.808441,233.62,2.0,233.66,5.0
474,2014-01-02 01:19:33.308516,233.61,1.0,233.65,1.0
475,2014-01-02 01:19:34.308462,233.61,1.0,233.65,4.0
476,2014-01-02 01:19:34.808612,233.6,2.0,233.65,9.0
477,2014-01-02 01:19:35.308641,233.6,3.0,233.65,9.0
478,2014-01-02 01:19:35.808745,233.61,1.0,233.65,9.0
479,2014-01-02 01:19:36.309338,233.6,3.0,233.64,2.0
480,2014-01-02 01:19:37.309757,233.6,3.0,233.63,1.0
481,2014-01-02 01:19:37.810173,233.6,1.0,233.63,1.0
482,2014-01-02 01:19:38.312699,233.6,2.0,233.63,1.0
483,2014-01-02 01:19:38.810117,233.59,4.0,233.64,2.0
484,2014-01-02 01:19:39.306931,233.59,3.0,233.64,7.0
485,2014-01-02 01:19:40.310381,233.6,1.0,233.64,5.0
486,2014-01-02 01:19:40.810441,233.59,2.0,233.64,5.0
487,2014-01-02 01:19:41.310653,233.57,3.0,233.61,9.0
488,2014-01-02 01:19:41.810829,233.57,6.0,233.61,9.0
489,2014-01-02 01:19:42.310734,233.57,7.0,233.6,2.0
490,2014-01-02 01:19:42.811756,233.57,5.0,233.6,2.0
491,2014-01-02 01:19:43.311007,233.56,1.0,233.6,2.0
492,2014-01-02 01:19:44.311811,233.56,2.0,233.6,2.0
493,2014-01-02 01:19:44.811864,233.56,2.0,233.59,3.0
494,2014-01-02 01:19:45.312196,233.55,1.0,233.59,3.0
495,2014-01-02 01:19:45.812038,233.55,7.0,233.58,4.0
496,2014-01-02 01:19:46.812227,233.56,1.0,233.59,5.0
497,2014-01-02 01:19:47.312319,233.55,8.0,233.58,1.0
498,2014-01-02 01:19:47.812595,233.55,7.0,233.58,2.0
499,2014-01-02 01:19:48.312402,233.55,5.0,233.59,3.0
500,2014-01-02 01:19:48.809698,233.55,3.0,233.58,4.0
501,2014-01-02 01:19:49.310375,233.54,4.0,233.58,2.0
502,2014-01-02 01:19:49.813206,233.54,4.0,233.58,1.0
503,2014-01-02 01:19:50.313229,233.54,4.0,233.58,6.0
504,2014-01-02 01:19:50.813351,233.54,7.0,233.59,8.0
505,2014-01-02 01:19:51.313595,233.54,5.0,233.59,8.0
506,2014-01-02 01:19:51.812505,233.54,5.0,233.58,1.0
507,2014-01-02 01:19:52.814109,233.54,5.0,233.59,8.0
508,2014-01-02 01:19:53.312280,233.55,1.0,233.58,3.0
509,2014-01-02 01:19:53.816487,233.38,1.0,233.46,1.0
510,2014-01-02 01:19:54.315305,233.37,1.0,233.44,3.0
511,2014-01-02 01:19:54.815369,233.45,2.0,233.5,1.0
512,2014-01-02 01:19:55.315288,233.38,2.0,233.51,2.0
513,2014-01-02 01:19:55.815247,233.38,2.0,233.49,1.0
514,2014-01-02 01:19:56.315177,233.38,3.0,233.49,1.0
515,2014-01-02 01:19:56.815328,233.39,4.0,233.48,2.0
516,2014-01-02 01:19:57.315553,233.45,1.0,233.51,1.0
517,2014-01-02 01:19:57.815879,233.43,1.0,233.49,2.0
518,2014-01-02 01:19:58.316254,233.43,8.0,233.49,1.0
519,2014-01-02 01:19:59.316191,233.43,7.0,233.49,2.0
520,2014-01-02 01:19:59.816553,233.45,4.0,233.49,1.0
521,2014-01-02 01:20:00.316396,233.45,6.0,233.49,3.0
522,2014-01-02 01:20:00.816670,233.45,4.0,233.49,3.0
523,2014-01-02 01:20:01.317329,233.38,6.0,233.46,4.0
524,2014-01-02 01:20:01.817085,233.39,5.0,233.44,3.0
525,2014-01-02 01:20:02.317044,233.39,3.0,233.44,2.0
526,2014-01-02 01:20:02.817797,233.39,3.0,233.44,3.0
527,2014-01-02 01:20:03.317475,233.4,2.0,233.44,1.0
528,2014-01-02 01:20:03.817485,233.41,5.0,233.47,1.0
529,2014-01-02 01:20:04.317852,233.43,2.0,233.48,1.0
530,2014-01-02 01:20:04.817765,233.43,5.0,233.48,1.0
531,2014-01-02 01:20:05.317805,233.44,3.0,233.48,1.0
532,2014-01-02 01:20:05.818022,233.44,6.0,233.48,2.0
533,2014-01-02 01:20:06.317761,233.44,7.0,233.49,2.0
534,2014-01-02 01:20:06.818179,233.44,3.0,233.49,6.0
535,2014-01-02 01:20:07.318698,233.4,3.0,233.45,1.0
536,2014-01-02 01:20:07.818378,233.4,2.0,233.45,1.0
537,2014-01-02 01:20:08.318606,233.38,2.0,233.45,3.0
538,2014-01-02 01:20:08.818694,233.39,4.0,233.46,1.0
539,2014-01-02 01:20:09.318784,233.4,1.0,233.46,3.0
540,2014-01-02 01:20:10.818854,233.41,1.0,233.46,1.0
541,2014-01-02 01:20:11.319096,233.41,3.0,233.47,1.0
542,2014-01-02 01:20:12.320006,233.29,3.0,233.33,1.0
543,2014-01-02 01:20:12.820218,233.32,2.0,233.41,6.0
544,2014-01-02 01:20:13.320120,233.36,1.0,233.44,2.0
545,2014-01-02 01:20:13.820534,233.32,2.0,233.39,2.0
546,2014-01-02 01:20:14.320081,233.33,1.0,233.4,4.0
547,2014-01-02 01:20:14.819984,233.33,1.0,233.4,7.0
548,2014-01-02 01:20:15.319991,233.33,3.0,233.4,7.0
549,2014-01-02 01:20:15.820488,233.33,3.0,233.38,1.0
550,2014-01-02 01:20:16.320602,233.33,4.0,233.38,1.0
551,2014-01-02 01:20:16.820933,233.33,3.0,233.38,1.0
552,2014-01-02 01:20:17.320719,233.34,1.0,233.39,1.0
553,2014-01-02 01:20:17.820795,233.35,2.0,233.4,3.0
554,2014-01-02 01:20:18.321160,233.38,3.0,233.42,4.0
555,2014-01-02 01:20:18.821342,233.38,6.0,233.42,3.0
556,2014-01-02 01:20:19.321080,233.39,4.0,233.46,6.0
557,2014-01-02 01:20:19.821253,233.39,4.0,233.45,1.0
558,2014-01-02 01:20:20.321306,233.4,1.0,233.45,1.0
559,2014-01-02 01:20:21.321799,233.41,5.0,233.48,4.0
560,2014-01-02 01:20:21.821856,233.41,3.0,233.47,4.0
561,2014-01-02 01:20:22.321585,233.41,4.0,233.47,1.0
562,2014-01-02 01:20:22.822740,233.31,5.0,233.33,69.0
563,2014-01-02 01:20:23.322272,233.31,4.0,233.33,68.0
564,2014-01-02 01:20:23.822477,233.3,15.0,233.33,64.0
565,2014-01-02 01:20:24.322761,233.3,8.0,233.33,64.0
566,2014-01-02 01:20:24.822681,233.3,9.0,233.33,64.0
567,2014-01-02 01:20:25.322702,233.31,1.0,233.33,63.0
568,2014-01-02 01:20:25.823260,233.3,8.0,233.33,63.0
569,2014-01-02 01:20:26.322890,233.31,1.0,233.33,63.0
570,2014-01-02 01:20:26.823035,233.32,3.0,233.33,62.0
571,2014-01-02 01:20:27.323163,233.29,5.0,233.33,39.0
572,2014-01-02 01:20:27.823329,233.32,1.0,233.33,39.0
573,2014-01-02 01:20:28.323499,233.32,1.0,233.33,35.0
574,2014-01-02 01:20:29.323664,233.29,1.0,233.33,34.0
575,2014-01-02 01:20:29.823389,233.29,4.0,233.33,34.0
576,2014-01-02 01:20:32.824676,233.28,5.0,233.33,34.0
577,2014-01-02 01:20:33.324503,233.29,1.0,233.33,34.0
578,2014-01-02 01:20:34.324928,233.29,2.0,233.33,34.0
579,2014-01-02 01:20:34.824967,233.29,4.0,233.33,34.0
580,2014-01-02 01:20:35.324928,233.3,2.0,233.33,34.0
581,2014-01-02 01:20:36.325302,233.3,4.0,233.33,34.0
582,2014-01-02 01:20:36.825099,233.3,5.0,233.33,34.0
583,2014-01-02 01:20:37.825163,233.31,2.0,233.33,34.0
584,2014-01-02 01:20:38.325670,233.31,5.0,233.33,34.0
585,2014-01-02 01:20:39.826199,233.31,5.0,233.33,31.0
586,2014-01-02 01:20:40.826284,233.32,3.0,233.33,24.0
587,2014-01-02 01:20:41.326537,233.3,7.0,233.33,17.0
588,2014-01-02 01:20:41.826504,233.31,2.0,233.33,15.0
589,2014-01-02 01:20:42.326529,233.31,6.0,233.33,14.0
590,2014-01-02 01:20:42.826605,233.32,2.0,233.33,11.0
591,2014-01-02 01:20:43.327186,233.1,2.0,233.33,6.0
592,2014-01-02 01:20:44.327144,233.12,1.0,233.33,6.0
593,2014-01-02 01:20:45.327734,233.12,2.0,233.33,6.0
594,2014-01-02 01:20:46.327747,233.14,2.0,233.33,6.0
595,2014-01-02 01:20:48.327977,233.14,1.0,233.39,1.0
596,2014-01-02 01:20:49.328184,233.13,2.0,233.39,1.0
597,2014-01-02 01:20:49.828674,233.14,4.0,233.39,1.0
598,2014-01-02 01:20:50.328500,233.14,5.0,233.39,1.0
599,2014-01-02 01:20:50.828809,233.41,6.0,233.49,4.0
600,2014-01-02 01:20:51.328706,233.4,9.0,233.49,4.0
601,2014-01-02 01:20:51.828594,233.41,1.0,233.49,4.0
602,2014-01-02 01:20:52.328998,233.4,11.0,233.49,2.0
603,2014-01-02 01:20:52.828784,233.4,8.0,233.49,2.0
604,2014-01-02 01:20:53.829094,233.41,1.0,233.49,4.0
605,2014-01-02 01:20:54.329477,233.4,7.0,233.49,1.0
606,2014-01-02 01:20:54.829670,233.4,8.0,233.5,1.0
607,2014-01-02 01:20:55.329510,233.4,8.0,233.5,2.0
608,2014-01-02 01:20:56.329768,233.4,6.0,233.49,2.0
609,2014-01-02 01:20:56.829964,233.42,4.0,233.49,1.0
610,2014-01-02 01:20:57.330026,233.43,3.0,233.5,1.0
611,2014-01-02 01:20:57.830092,233.43,4.0,233.5,1.0
612,2014-01-02 01:20:58.330210,233.44,2.0,233.5,1.0
613,2014-01-02 01:20:59.330818,233.44,2.0,233.5,4.0
614,2014-01-02 01:21:01.330952,233.44,2.0,233.5,3.0
615,2014-01-02 01:21:01.831486,233.45,1.0,233.53,4.0
616,2014-01-02 01:21:02.331417,233.45,3.0,233.53,4.0
617,2014-01-02 01:21:05.332050,233.44,7.0,233.51,3.0
618,2014-01-02 01:21:05.832090,233.44,7.0,233.51,1.0
619,2014-01-02 01:21:06.832351,233.44,6.0,233.51,4.0
620,2014-01-02 01:21:07.332336,233.44,4.0,233.51,2.0
621,2014-01-02 01:21:08.832816,233.45,4.0,233.53,3.0
622,2014-01-02 01:21:09.332748,233.45,6.0,233.53,4.0
623,2014-01-02 01:21:10.333280,233.45,3.0,233.52,3.0
624,2014-01-02 01:21:10.833173,233.45,2.0,233.52,4.0
625,2014-01-02 01:21:11.333195,233.45,1.0,233.51,1.0
626,2014-01-02 01:21:11.833548,233.45,3.0,233.51,1.0
627,2014-01-02 01:21:12.333581,233.45,4.0,233.52,3.0
628,2014-01-02 01:21:12.833933,233.46,2.0,233.53,4.0
629,2014-01-02 01:21:13.334176,233.44,3.0,233.45,8.0
630,2014-01-02 01:21:13.834384,233.42,3.0,233.45,8.0
631,2014-01-02 01:21:14.334075,233.42,4.0,233.45,8.0
632,2014-01-02 01:21:14.834510,233.43,3.0,233.45,7.0
633,2014-01-02 01:21:15.334256,233.42,4.0,233.45,7.0
634,2014-01-02 01:21:16.334410,233.42,3.0,233.45,7.0
635,2014-01-02 01:21:17.334537,233.42,3.0,233.45,6.0
636,2014-01-02 01:21:17.834695,233.42,6.0,233.45,5.0
637,2014-01-02 01:21:18.834459,233.42,8.0,233.45,5.0
638,2014-01-02 01:21:19.835153,233.43,4.0,233.5,2.0
639,2014-01-02 01:21:20.835364,233.43,3.0,233.5,2.0
640,2014-01-02 01:21:21.835500,233.44,1.0,233.5,2.0
641,2014-01-02 01:21:22.335818,233.44,4.0,233.5,1.0
642,2014-01-02 01:21:23.835447,233.44,4.0,233.5,2.0
643,2014-01-02 01:21:24.335926,233.44,1.0,233.5,2.0
644,2014-01-02 01:21:26.336483,233.44,2.0,233.5,2.0
645,2014-01-02 01:21:27.836665,233.44,3.0,233.5,2.0
646,2014-01-02 01:21:28.337154,233.47,1.0,233.52,2.0
647,2014-01-02 01:21:28.837001,233.47,11.0,233.52,2.0
648,2014-01-02 01:21:29.837369,233.47,12.0,233.52,2.0
649,2014-01-02 01:21:30.337298,233.47,11.0,233.52,2.0
650,2014-01-02 01:21:30.837165,233.47,13.0,233.52,2.0
651,2014-01-02 01:21:31.337541,233.47,17.0,233.52,2.0
652,2014-01-02 01:21:32.837712,233.48,1.0,233.52,2.0
653,2014-01-02 01:21:33.338035,233.48,3.0,233.53,2.0
654,2014-01-02 01:21:33.838615,233.49,1.0,233.53,1.0
655,2014-01-02 01:21:34.338737,233.5,1.0,233.54,2.0
656,2014-01-02 01:21:34.838807,233.51,3.0,233.58,2.0
657,2014-01-02 01:21:35.338885,233.52,4.0,233.58,2.0
658,2014-01-02 01:21:35.838992,233.53,2.0,233.58,1.0
659,2014-01-02 01:21:36.839396,233.5,1.0,233.56,2.0
660,2014-01-02 01:21:37.339550,233.51,2.0,233.58,1.0
661,2014-01-02 01:21:38.339086,233.51,2.0,233.58,2.0
662,2014-01-02 01:21:38.839504,233.51,2.0,233.58,3.0
663,2014-01-02 01:21:40.339938,233.53,2.0,233.57,1.0
664,2014-01-02 01:21:42.340865,233.54,2.0,233.58,3.0
665,2014-01-02 01:21:43.840841,233.55,1.0,233.59,1.0
666,2014-01-02 01:21:44.340497,233.55,2.0,233.59,1.0
667,2014-01-02 01:21:46.840928,233.55,2.0,233.58,3.0
668,2014-01-02 01:21:48.341678,233.56,2.0,233.59,2.0
669,2014-01-02 01:21:48.842008,233.57,2.0,233.61,3.0
670,2014-01-02 01:21:49.342024,233.57,2.0,233.61,2.0
671,2014-01-02 01:21:49.842019,233.57,2.0,233.62,5.0
672,2014-01-02 01:21:50.342071,233.58,1.0,233.62,4.0
673,2014-01-02 01:21:50.842243,233.57,2.0,233.62,5.0
674,2014-01-02 01:21:51.342639,233.58,1.0,233.62,3.0
675,2014-01-02 01:21:51.842494,233.58,1.0,233.61,1.0
676,2014-01-02 01:21:52.342653,233.58,2.0,233.61,1.0
677,2014-01-02 01:21:52.842842,233.29,2.0,233.55,3.0
678,2014-01-02 01:21:53.843131,233.3,2.0,233.55,3.0
679,2014-01-02 01:21:54.343608,233.32,2.0,233.55,3.0
680,2014-01-02 01:21:55.343419,233.32,1.0,233.55,3.0
681,2014-01-02 01:21:56.343663,233.31,2.0,233.55,3.0
682,2014-01-02 01:21:56.843888,233.54,6.0,233.6,1.0
683,2014-01-02 01:21:57.343846,233.54,7.0,233.6,1.0
684,2014-01-02 01:21:58.844204,233.54,9.0,233.62,4.0
685,2014-01-02 01:21:59.343935,233.54,8.0,233.6,1.0
686,2014-01-02 01:22:00.344585,233.54,7.0,233.6,2.0
687,2014-01-02 01:22:00.844783,233.54,6.0,233.6,2.0
688,2014-01-02 01:22:01.344901,233.56,4.0,233.62,2.0
689,2014-01-02 01:22:01.844863,233.55,3.0,233.63,3.0
690,2014-01-02 01:22:02.345206,233.55,1.0,233.62,1.0
691,2014-01-02 01:22:03.344935,233.55,1.0,233.62,3.0
692,2014-01-02 01:22:04.345376,233.55,2.0,233.62,1.0
693,2014-01-02 01:22:04.845422,233.55,3.0,233.62,1.0
694,2014-01-02 01:22:05.845578,233.55,3.0,233.61,1.0
695,2014-01-02 01:22:06.345487,233.55,2.0,233.61,1.0
696,2014-01-02 01:22:06.846054,233.57,3.0,233.62,1.0
697,2014-01-02 01:22:07.346099,233.57,5.0,233.62,1.0
698,2014-01-02 01:22:08.346485,233.55,4.0,233.56,9.0
699,2014-01-02 01:22:08.846320,233.55,3.0,233.56,8.0
700,2014-01-02 01:22:09.346634,233.56,1.0,233.62,1.0
701,2014-01-02 01:22:09.846589,233.55,1.0,233.62,1.0
702,2014-01-02 01:22:11.347113,233.56,1.0,233.63,2.0
703,2014-01-02 01:22:16.848662,233.59,1.0,233.63,1.0
704,2014-01-02 01:22:19.849106,233.61,1.0,233.63,1.0
705,2014-01-02 01:22:20.849198,233.62,1.0,233.63,1.0
706,2014-01-02 01:22:22.349445,233.58,3.0,233.63,1.0
707,2014-01-02 01:22:23.344741,233.58,4.0,233.63,1.0
708,2014-01-02 01:22:23.850007,233.58,3.0,233.63,1.0
709,2014-01-02 01:22:25.849782,233.58,4.0,233.63,1.0
710,2014-01-02 01:22:26.350140,233.58,2.0,233.63,1.0
711,2014-01-02 01:22:26.849083,233.6,9.0,233.63,1.0
712,2014-01-02 01:22:27.350641,233.6,4.0,233.63,1.0
713,2014-01-02 01:22:27.850608,233.58,5.0,233.63,1.0
714,2014-01-02 01:22:28.350807,233.58,3.0,233.63,1.0
715,2014-01-02 01:22:28.851143,233.57,1.0,233.63,1.0
716,2014-01-02 01:22:29.351113,233.56,5.0,233.63,1.0
717,2014-01-02 01:22:30.351055,233.56,7.0,233.63,1.0
718,2014-01-02 01:22:31.351292,233.56,6.0,233.63,1.0
719,2014-01-02 01:22:31.852055,233.53,2.0,233.63,2.0
720,2014-01-02 01:22:32.351990,233.53,2.0,233.57,15.0
721,2014-01-02 01:22:33.352005,233.53,3.0,233.57,15.0
722,2014-01-02 01:22:33.849159,233.54,2.0,233.57,15.0
723,2014-01-02 01:22:34.352130,233.54,1.0,233.57,15.0
724,2014-01-02 01:22:35.852348,233.54,1.0,233.57,4.0
725,2014-01-02 01:22:36.349133,233.54,3.0,233.63,1.0
726,2014-01-02 01:22:37.353091,233.56,1.0,233.63,1.0
727,2014-01-02 01:22:39.350577,233.55,3.0,233.63,1.0
728,2014-01-02 01:22:40.853674,233.56,2.0,233.63,1.0
729,2014-01-02 01:22:42.854503,233.57,2.0,233.63,1.0
730,2014-01-02 01:22:44.354598,233.58,2.0,233.63,1.0
731,2014-01-02 01:22:44.854728,233.59,2.0,233.63,1.0
732,2014-01-02 01:22:45.355497,233.59,8.0,233.63,1.0
733,2014-01-02 01:22:46.355644,233.57,4.0,233.63,1.0
734,2014-01-02 01:22:46.851818,233.57,7.0,233.63,1.0
735,2014-01-02 01:22:47.355452,233.58,3.0,233.63,1.0
736,2014-01-02 01:22:48.355690,233.59,3.0,233.63,1.0
737,2014-01-02 01:22:48.855933,233.59,9.0,233.63,1.0
738,2014-01-02 01:22:49.357110,233.62,3.0,233.71,1.0
739,2014-01-02 01:22:49.856768,233.63,2.0,233.71,1.0
740,2014-01-02 01:22:50.356826,233.66,4.0,233.73,1.0
741,2014-01-02 01:22:50.856973,233.66,5.0,233.73,1.0
742,2014-01-02 01:22:51.356686,233.66,6.0,233.73,1.0
743,2014-01-02 01:22:52.356938,233.65,3.0,233.73,1.0
744,2014-01-02 01:22:52.856996,233.65,4.0,233.72,1.0
745,2014-01-02 01:22:53.357318,233.65,2.0,233.73,1.0
746,2014-01-02 01:22:53.857295,233.65,2.0,233.72,1.0
747,2014-01-02 01:22:54.358244,233.63,1.0,233.72,1.0
748,2014-01-02 01:22:54.857841,233.63,3.0,233.73,1.0
749,2014-01-02 01:22:55.358021,233.63,4.0,233.72,1.0
750,2014-01-02 01:22:56.858261,233.63,1.0,233.71,1.0
751,2014-01-02 01:22:58.358385,233.63,1.0,233.7,1.0
752,2014-01-02 01:22:58.858964,233.61,4.0,233.71,1.0
753,2014-01-02 01:22:59.359411,233.61,3.0,233.71,1.0
754,2014-01-02 01:23:00.359625,233.64,3.0,233.73,1.0
755,2014-01-02 01:23:00.860082,233.68,8.0,233.76,1.0
756,2014-01-02 01:23:01.360102,233.69,2.0,233.76,1.0
757,2014-01-02 01:23:01.860061,233.69,3.0,233.77,1.0
758,2014-01-02 01:23:02.360307,233.67,1.0,233.76,1.0
759,2014-01-02 01:23:03.360507,233.67,1.0,233.75,1.0
760,2014-01-02 01:23:03.860546,233.67,1.0,233.73,1.0
761,2014-01-02 01:23:05.360992,233.67,1.0,233.74,1.0
762,2014-01-02 01:23:05.860815,233.68,1.0,233.74,1.0
763,2014-01-02 01:23:06.361045,233.67,2.0,233.73,1.0
764,2014-01-02 01:23:07.861408,233.73,4.0,233.77,1.0
765,2014-01-02 01:23:08.362172,233.7,1.0,233.76,1.0
766,2014-01-02 01:23:08.862156,233.69,10.0,233.76,1.0
767,2014-01-02 01:23:09.362294,233.73,7.0,233.78,1.0
768,2014-01-02 01:23:09.862287,233.73,10.0,233.81,2.0
769,2014-01-02 01:23:10.362328,233.73,1.0,233.81,2.0
770,2014-01-02 01:23:11.362794,233.69,8.0,233.79,1.0
771,2014-01-02 01:23:11.863043,233.75,7.0,233.81,1.0
772,2014-01-02 01:23:12.363201,233.75,4.0,233.81,1.0
773,2014-01-02 01:23:12.863189,233.76,1.0,233.81,1.0
774,2014-01-02 01:23:13.363457,233.71,2.0,233.81,1.0
775,2014-01-02 01:23:13.863374,233.75,1.0,233.81,1.0
776,2014-01-02 01:23:14.864552,233.85,15.0,233.93,1.0
777,2014-01-02 01:23:15.360075,234.08,1.0,234.15,1.0
778,2014-01-02 01:23:15.864963,234.14,3.0,234.22,1.0
779,2014-01-02 01:23:16.364921,234.18,5.0,234.25,1.0
780,2014-01-02 01:23:16.865094,234.24,3.0,234.37,1.0
781,2014-01-02 01:23:17.365165,234.28,4.0,234.4,1.0
782,2014-01-02 01:23:17.865124,234.29,1.0,234.4,1.0
783,2014-01-02 01:23:18.365258,234.29,9.0,234.37,1.0
784,2014-01-02 01:23:18.865493,234.28,5.0,234.38,1.0
785,2014-01-02 01:23:19.365421,234.25,4.0,234.35,1.0
786,2014-01-02 01:23:19.865917,234.26,3.0,234.35,1.0
787,2014-01-02 01:23:20.366190,234.22,2.0,234.33,1.0
788,2014-01-02 01:23:20.866569,234.18,14.0,234.3,1.0
789,2014-01-02 01:23:21.366268,234.19,1.0,234.29,1.0
790,2014-01-02 01:23:21.866758,234.19,2.0,234.29,1.0
791,2014-01-02 01:23:22.366672,234.18,10.0,234.27,1.0
792,2014-01-02 01:23:22.867104,234.15,2.0,234.24,1.0
793,2014-01-02 01:23:23.366976,234.15,1.0,234.24,1.0
794,2014-01-02 01:23:23.867371,234.1,2.0,234.21,1.0
795,2014-01-02 01:23:24.367717,234.11,1.0,234.21,1.0
796,2014-01-02 01:23:24.867808,234.09,2.0,234.19,1.0
797,2014-01-02 01:23:25.367942,234.08,2.0,234.18,1.0
798,2014-01-02 01:23:25.867980,234.09,1.0,234.2,1.0
799,2014-01-02 01:23:26.368302,234.12,1.0,234.2,1.0
800,2014-01-02 01:23:26.868468,234.12,3.0,234.19,1.0
801,2014-01-02 01:23:27.368698,234.08,2.0,234.18,1.0
802,2014-01-02 01:23:27.869197,234.09,1.0,234.19,1.0
803,2014-01-02 01:23:28.369124,234.08,4.0,234.17,1.0
804,2014-01-02 01:23:28.869494,234.07,4.0,234.16,1.0
805,2014-01-02 01:23:29.366418,234.07,2.0,234.15,1.0
806,2014-01-02 01:23:29.868650,234.08,1.0,234.2,1.0
807,2014-01-02 01:23:30.369544,234.09,3.0,234.19,1.0
808,2014-01-02 01:23:30.869889,234.09,1.0,234.17,1.0
809,2014-01-02 01:23:31.369829,234.09,3.0,234.17,1.0
810,2014-01-02 01:23:31.869936,234.08,3.0,234.17,1.0
811,2014-01-02 01:23:32.370069,234.08,3.0,234.16,1.0
812,2014-01-02 01:23:32.870403,234.07,4.0,234.14,1.0
813,2014-01-02 01:23:33.370516,234.07,2.0,234.14,1.0
814,2014-01-02 01:23:33.870378,234.08,3.0,234.14,1.0
815,2014-01-02 01:23:34.370852,234.06,2.0,234.12,1.0
816,2014-01-02 01:23:34.870730,234.05,3.0,234.12,1.0
817,2014-01-02 01:23:36.371202,234.05,4.0,234.12,1.0
818,2014-01-02 01:23:36.871437,234.05,3.0,234.07,15.0
819,2014-01-02 01:23:37.371475,234.04,8.0,234.07,15.0
820,2014-01-02 01:23:37.871662,234.03,3.0,234.07,15.0
821,2014-01-02 01:23:38.371565,234.03,7.0,234.07,15.0
822,2014-01-02 01:23:38.872158,234.02,1.0,234.07,15.0
823,2014-01-02 01:23:39.372077,234.01,8.0,234.07,16.0
824,2014-01-02 01:23:39.872166,234.0,8.0,234.07,15.0
825,2014-01-02 01:23:40.372148,234.02,3.0,234.07,15.0
826,2014-01-02 01:23:40.872527,234.0,3.0,234.07,16.0
827,2014-01-02 01:23:41.872634,233.99,3.0,234.07,16.0
828,2014-01-02 01:23:42.373006,233.99,1.0,234.05,1.0
829,2014-01-02 01:23:42.872930,233.98,14.0,234.05,1.0
830,2014-01-02 01:23:43.373540,233.98,8.0,234.04,1.0
831,2014-01-02 01:23:43.873043,233.98,11.0,234.04,1.0
832,2014-01-02 01:23:44.373312,233.98,8.0,234.04,1.0
833,2014-01-02 01:23:44.873419,233.98,6.0,234.05,1.0
834,2014-01-02 01:23:45.373365,233.99,3.0,234.05,1.0
835,2014-01-02 01:23:45.873603,233.98,5.0,234.05,1.0
836,2014-01-02 01:23:46.373791,233.98,5.0,234.04,1.0
837,2014-01-02 01:23:46.874280,233.96,1.0,234.02,1.0
838,2014-01-02 01:23:47.874130,233.96,2.0,234.02,1.0
839,2014-01-02 01:23:48.374600,233.95,1.0,234.02,1.0
840,2014-01-02 01:23:48.875193,233.96,1.0,234.02,1.0
841,2014-01-02 01:23:50.874684,233.96,1.0,234.03,1.0
842,2014-01-02 01:23:51.374777,233.95,5.0,234.02,5.0
843,2014-01-02 01:23:51.875136,233.94,4.0,234.02,5.0
844,2014-01-02 01:23:52.374986,233.95,4.0,234.02,4.0
845,2014-01-02 01:23:52.875399,233.94,5.0,233.96,15.0
846,2014-01-02 01:23:53.375133,233.94,3.0,233.96,14.0
847,2014-01-02 01:23:54.375526,233.94,2.0,233.96,14.0
848,2014-01-02 01:23:54.875712,233.93,2.0,233.96,14.0
849,2014-01-02 01:23:56.374816,233.92,4.0,233.96,14.0
850,2014-01-02 01:23:56.876500,233.93,1.0,233.96,14.0
851,2014-01-02 01:23:57.376485,233.94,1.0,233.96,14.0
852,2014-01-02 01:23:58.375617,233.93,1.0,233.96,14.0
853,2014-01-02 01:23:59.376581,233.92,7.0,233.96,14.0
854,2014-01-02 01:23:59.876968,233.92,6.0,233.96,14.0
855,2014-01-02 01:24:00.876841,233.93,1.0,233.96,14.0
856,2014-01-02 01:24:01.877259,233.92,9.0,233.96,14.0
857,2014-01-02 01:24:02.377602,233.93,6.0,233.96,14.0
858,2014-01-02 01:24:02.877514,233.94,6.0,233.96,14.0
859,2014-01-02 01:24:03.376204,233.95,1.0,233.96,13.0
860,2014-01-02 01:24:03.877735,233.95,5.0,234.02,2.0
861,2014-01-02 01:24:04.378034,233.95,5.0,234.02,1.0
862,2014-01-02 01:24:04.878476,233.98,5.0,234.05,2.0
863,2014-01-02 01:24:05.378531,233.98,5.0,234.05,3.0
864,2014-01-02 01:24:05.878777,233.98,5.0,234.05,1.0
865,2014-01-02 01:24:06.878908,234.0,2.0,234.06,2.0
866,2014-01-02 01:24:07.379050,234.01,1.0,234.08,2.0
867,2014-01-02 01:24:07.879008,234.02,3.0,234.08,4.0
868,2014-01-02 01:24:08.879529,234.02,3.0,234.08,2.0
869,2014-01-02 01:24:09.379516,234.02,5.0,234.11,2.0
870,2014-01-02 01:24:09.879898,234.03,3.0,234.11,1.0
871,2014-01-02 01:24:10.379539,234.03,5.0,234.11,1.0
872,2014-01-02 01:24:10.879867,234.03,5.0,234.1,1.0
873,2014-01-02 01:24:11.879817,234.03,2.0,234.1,4.0
874,2014-01-02 01:24:12.379964,234.03,1.0,234.1,5.0
875,2014-01-02 01:24:12.880028,234.03,2.0,234.1,3.0
876,2014-01-02 01:24:13.377789,234.06,2.0,234.12,1.0
877,2014-01-02 01:24:13.880641,234.02,2.0,234.03,7.0
878,2014-01-02 01:24:14.380950,234.02,2.0,234.03,6.0
879,2014-01-02 01:24:14.880626,234.02,5.0,234.03,6.0
880,2014-01-02 01:24:16.380819,234.02,6.0,234.03,6.0
881,2014-01-02 01:24:16.881283,234.0,1.0,234.03,6.0
882,2014-01-02 01:24:17.381120,234.0,4.0,234.03,6.0
883,2014-01-02 01:24:17.881486,233.99,2.0,234.03,6.0
884,2014-01-02 01:24:18.378838,233.96,1.0,234.03,6.0
885,2014-01-02 01:24:18.881876,233.96,2.0,234.03,9.0
886,2014-01-02 01:24:19.381856,233.96,1.0,234.03,9.0
887,2014-01-02 01:24:19.881827,233.96,2.0,234.03,9.0
888,2014-01-02 01:24:20.381997,233.97,1.0,234.03,9.0
889,2014-01-02 01:24:20.882494,233.96,1.0,234.02,3.0
890,2014-01-02 01:24:22.382595,233.96,2.0,234.02,2.0
891,2014-01-02 01:24:22.882538,233.96,2.0,234.02,5.0
892,2014-01-02 01:24:24.381289,233.95,4.0,234.01,2.0
893,2014-01-02 01:24:24.883045,233.95,3.0,234.01,2.0
894,2014-01-02 01:24:25.382807,233.95,2.0,234.01,2.0
895,2014-01-02 01:24:25.882946,233.96,1.0,234.02,5.0
896,2014-01-02 01:24:26.383309,233.95,3.0,234.02,5.0
897,2014-01-02 01:24:26.883342,233.94,4.0,234.02,5.0
898,2014-01-02 01:24:27.383477,233.94,4.0,234.01,1.0
899,2014-01-02 01:24:27.883621,233.94,3.0,234.0,1.0
900,2014-01-02 01:24:28.383770,233.96,7.0,234.01,1.0
901,2014-01-02 01:24:29.384456,233.96,10.0,234.03,6.0
902,2014-01-02 01:24:30.384415,233.97,2.0,234.03,6.0
903,2014-01-02 01:24:30.884367,233.97,3.0,234.03,6.0
904,2014-01-02 01:24:31.384451,233.97,6.0,234.03,6.0
905,2014-01-02 01:24:34.885833,233.91,10.0,233.99,1.0
906,2014-01-02 01:24:35.385764,233.91,10.0,233.98,1.0
907,2014-01-02 01:24:36.885569,233.91,9.0,233.98,1.0
908,2014-01-02 01:24:37.385639,233.91,9.0,233.96,1.0
909,2014-01-02 01:24:37.884174,233.9,2.0,233.95,1.0
910,2014-01-02 01:24:38.386505,233.9,3.0,233.95,1.0
911,2014-01-02 01:24:38.886826,233.88,7.0,233.94,1.0
912,2014-01-02 01:24:39.386590,233.88,5.0,233.94,1.0
913,2014-01-02 01:24:40.386424,233.88,6.0,233.94,1.0
914,2014-01-02 01:24:41.386956,233.88,3.0,233.94,1.0
915,2014-01-02 01:24:41.883507,233.88,2.0,233.94,1.0
916,2014-01-02 01:24:42.887179,233.88,1.0,233.94,1.0
917,2014-01-02 01:24:43.387603,233.86,6.0,233.93,1.0
918,2014-01-02 01:24:43.887354,233.86,6.0,233.92,1.0
919,2014-01-02 01:24:44.387674,233.86,7.0,233.92,1.0
920,2014-01-02 01:24:45.885430,233.85,3.0,233.91,1.0
921,2014-01-02 01:24:46.388268,233.85,3.0,233.9,1.0
922,2014-01-02 01:24:46.888072,233.85,6.0,233.9,1.0
923,2014-01-02 01:24:47.888570,233.85,8.0,233.91,1.0
924,2014-01-02 01:24:48.388519,233.86,2.0,233.91,1.0
925,2014-01-02 01:24:48.888573,233.86,3.0,233.91,1.0
926,2014-01-02 01:24:49.388678,233.86,6.0,233.91,1.0
927,2014-01-02 01:24:49.888896,233.86,6.0,233.92,1.0
928,2014-01-02 01:24:50.388865,233.86,4.0,233.92,1.0
929,2014-01-02 01:24:50.889075,233.86,3.0,233.91,1.0
930,2014-01-02 01:24:51.389170,233.85,4.0,233.91,1.0
931,2014-01-02 01:24:51.889158,233.85,3.0,233.91,1.0
932,2014-01-02 01:24:52.389634,233.86,2.0,233.92,1.0
933,2014-01-02 01:24:52.889576,233.85,6.0,233.92,1.0
934,2014-01-02 01:24:53.385910,233.86,6.0,233.94,1.0
935,2014-01-02 01:24:53.889988,233.86,3.0,233.94,1.0
936,2014-01-02 01:24:54.389792,233.83,7.0,233.9,1.0
937,2014-01-02 01:24:54.890430,233.83,6.0,233.9,1.0
938,2014-01-02 01:24:55.390191,233.83,8.0,233.9,1.0
939,2014-01-02 01:24:55.890307,233.84,1.0,233.9,1.0
940,2014-01-02 01:24:57.390607,233.84,2.0,233.9,1.0
941,2014-01-02 01:24:57.885842,233.84,1.0,233.9,1.0
942,2014-01-02 01:24:58.890936,233.84,1.0,233.89,1.0
943,2014-01-02 01:24:59.391182,233.83,7.0,233.89,1.0
944,2014-01-02 01:25:00.391361,233.84,2.0,233.91,1.0
945,2014-01-02 01:25:00.891283,233.84,3.0,233.91,1.0
946,2014-01-02 01:25:01.391639,233.84,6.0,233.91,1.0
947,2014-01-02 01:25:01.891573,233.84,10.0,233.89,1.0
948,2014-01-02 01:25:02.386696,233.84,4.0,233.89,1.0
949,2014-01-02 01:25:02.892373,233.83,7.0,233.89,1.0
950,2014-01-02 01:25:03.392336,233.83,9.0,233.89,1.0
951,2014-01-02 01:25:03.891287,233.84,2.0,233.89,1.0
952,2014-01-02 01:25:04.392490,233.84,5.0,233.89,1.0
953,2014-01-02 01:25:04.892738,233.86,2.0,233.91,2.0
954,2014-01-02 01:25:05.393020,233.87,3.0,233.93,1.0
955,2014-01-02 01:25:05.893074,233.87,7.0,233.93,2.0
956,2014-01-02 01:25:06.393597,233.86,3.0,233.92,2.0
957,2014-01-02 01:25:06.893375,233.86,2.0,233.93,2.0
958,2014-01-02 01:25:07.392815,233.86,7.0,233.93,2.0
959,2014-01-02 01:25:07.894025,233.88,1.0,233.93,1.0
960,2014-01-02 01:25:08.394039,233.89,1.0,233.93,1.0
961,2014-01-02 01:25:08.893838,233.87,4.0,233.93,1.0
962,2014-01-02 01:25:09.393921,233.87,3.0,233.93,1.0
963,2014-01-02 01:25:09.894028,233.88,1.0,233.93,2.0
964,2014-01-02 01:25:10.393977,233.87,5.0,233.93,1.0
965,2014-01-02 01:25:10.894044,233.87,3.0,233.93,1.0
966,2014-01-02 01:25:11.891288,233.87,2.0,233.93,2.0
967,2014-01-02 01:25:12.394398,233.87,4.0,233.93,2.0
968,2014-01-02 01:25:12.894274,233.87,5.0,233.93,2.0
969,2014-01-02 01:25:13.895102,233.89,1.0,233.93,2.0
970,2014-01-02 01:25:14.395294,233.89,3.0,233.95,1.0
971,2014-01-02 01:25:15.895961,233.91,1.0,233.97,1.0
972,2014-01-02 01:25:16.395814,233.91,2.0,233.97,1.0
973,2014-01-02 01:25:16.895756,233.91,6.0,233.97,1.0
974,2014-01-02 01:25:17.896165,233.92,6.0,233.99,1.0
975,2014-01-02 01:25:18.396047,233.92,5.0,233.99,1.0
976,2014-01-02 01:25:18.896010,233.92,4.0,233.99,1.0
977,2014-01-02 01:25:19.396096,233.93,1.0,233.99,2.0
978,2014-01-02 01:25:19.896681,233.92,1.0,233.97,2.0
979,2014-01-02 01:25:20.396739,233.92,2.0,233.97,1.0
980,2014-01-02 01:25:20.896844,233.92,5.0,233.97,2.0
981,2014-01-02 01:25:21.896930,233.92,3.0,233.98,1.0
982,2014-01-02 01:25:22.397219,233.92,5.0,233.98,1.0
983,2014-01-02 01:25:22.897034,233.93,1.0,233.98,1.0
984,2014-01-02 01:25:23.897182,233.93,4.0,233.98,1.0
985,2014-01-02 01:25:25.897749,233.93,5.0,233.98,1.0
986,2014-01-02 01:25:26.397977,233.94,2.0,233.98,1.0
987,2014-01-02 01:25:26.898223,233.94,5.0,233.99,1.0
988,2014-01-02 01:25:27.897764,233.94,6.0,233.99,1.0
989,2014-01-02 01:25:28.897867,233.94,8.0,233.99,1.0
990,2014-01-02 01:25:31.398396,233.94,7.0,233.99,1.0
991,2014-01-02 01:25:31.898719,233.94,7.0,233.98,1.0
992,2014-01-02 01:25:32.398709,233.94,6.0,233.98,1.0
993,2014-01-02 01:25:32.899034,233.94,6.0,233.98,2.0
994,2014-01-02 01:25:33.398913,233.94,7.0,233.98,2.0
995,2014-01-02 01:25:33.899009,233.94,5.0,233.98,2.0
996,2014-01-02 01:25:34.899166,233.94,4.0,233.98,2.0
997,2014-01-02 01:25:35.899485,233.94,2.0,233.98,2.0
998,2014-01-02 01:25:36.399923,233.93,3.0,233.98,2.0
999,2014-01-02 01:25:37.400061,233.93,2.0,233.98,2.0
1000,2014-01-02 01:25:37.900283,233.93,2.0,233.97,2.0
1001,2014-01-02 01:25:38.900189,233.93,5.0,233.97,2.0
1002,2014-01-02 01:25:40.900755,233.93,4.0,233.97,2.0
1003,2014-01-02 01:25:41.400745,233.93,5.0,233.97,2.0
1004,2014-01-02 01:25:43.400796,233.93,3.0,233.97,2.0
1005,2014-01-02 01:25:44.901401,233.93,2.0,233.98,1.0
1006,2014-01-02 01:25:45.401506,233.93,2.0,233.98,2.0
1007,2014-01-02 01:25:45.901428,233.93,3.0,233.98,2.0
1008,2014-01-02 01:25:46.401615,233.93,3.0,233.98,1.0
1009,2014-01-02 01:25:47.901799,233.93,4.0,233.98,1.0
1010,2014-01-02 01:25:48.402011,233.93,6.0,233.98,1.0
1011,2014-01-02 01:25:48.902119,233.94,1.0,233.98,1.0
1012,2014-01-02 01:25:49.402210,233.94,4.0,233.98,1.0
1013,2014-01-02 01:25:49.902236,233.94,3.0,233.98,2.0
1014,2014-01-02 01:25:51.402769,233.93,1.0,233.98,1.0
1015,2014-01-02 01:25:52.402590,233.93,2.0,233.98,1.0
1016,2014-01-02 01:25:53.902816,233.93,3.0,233.98,1.0
1017,2014-01-02 01:25:54.402894,233.93,4.0,233.98,1.0
1018,2014-01-02 01:25:55.903128,233.93,4.0,233.98,2.0
1019,2014-01-02 01:25:56.403253,233.93,3.0,233.98,2.0
1020,2014-01-02 01:25:57.403538,233.93,2.0,233.98,2.0
1021,2014-01-02 01:25:59.404062,233.93,3.0,233.98,2.0
1022,2014-01-02 01:26:00.404368,233.93,1.0,233.98,2.0
1023,2014-01-02 01:26:01.904342,233.93,3.0,233.98,2.0
1024,2014-01-02 01:26:02.404740,233.93,3.0,233.97,2.0
1025,2014-01-02 01:26:02.904667,233.93,6.0,233.97,2.0
1026,2014-01-02 01:26:03.405174,233.91,4.0,233.96,2.0
1027,2014-01-02 01:26:03.905117,233.91,3.0,233.96,2.0
1028,2014-01-02 01:26:05.405093,233.91,2.0,233.96,2.0
1029,2014-01-02 01:26:05.905167,233.91,3.0,233.96,2.0
1030,2014-01-02 01:26:07.905999,233.92,1.0,233.97,1.0
1031,2014-01-02 01:26:09.406088,233.92,2.0,233.98,2.0
1032,2014-01-02 01:26:10.405892,233.92,3.0,233.98,2.0
1033,2014-01-02 01:26:12.906976,233.94,1.0,233.99,1.0
1034,2014-01-02 01:26:13.906963,233.95,1.0,233.99,1.0
1035,2014-01-02 01:26:14.407410,233.95,2.0,234.0,1.0
1036,2014-01-02 01:26:15.407354,233.95,3.0,234.0,1.0
1037,2014-01-02 01:26:15.907071,233.95,4.0,234.0,1.0
1038,2014-01-02 01:26:16.407486,233.95,5.0,234.01,2.0
1039,2014-01-02 01:26:16.907657,233.95,2.0,234.0,1.0
1040,2014-01-02 01:26:19.407735,233.95,3.0,234.0,1.0
1041,2014-01-02 01:26:20.908499,233.95,3.0,234.01,2.0
1042,2014-01-02 01:26:21.408896,233.96,1.0,234.01,2.0
1043,2014-01-02 01:26:22.408855,233.96,2.0,234.01,2.0
1044,2014-01-02 01:26:22.908692,233.96,3.0,234.01,2.0
1045,2014-01-02 01:26:23.408904,233.97,1.0,234.01,2.0
1046,2014-01-02 01:26:25.909467,233.97,2.0,234.01,2.0
1047,2014-01-02 01:26:27.909910,233.96,3.0,234.01,2.0
1048,2014-01-02 01:26:28.909670,233.96,4.0,234.01,2.0
1049,2014-01-02 01:26:29.409718,233.96,4.0,234.0,1.0
1050,2014-01-02 01:26:29.910258,233.96,2.0,234.01,2.0
1051,2014-01-02 01:26:30.410307,233.96,1.0,234.02,5.0
1052,2014-01-02 01:26:32.410529,233.96,3.0,234.02,5.0
1053,2014-01-02 01:26:33.411030,233.96,4.0,234.02,5.0
1054,2014-01-02 01:26:33.911250,233.96,2.0,234.02,5.0
1055,2014-01-02 01:26:34.411308,233.97,1.0,234.02,5.0
1056,2014-01-02 01:26:34.911700,233.96,4.0,234.0,5.0
1057,2014-01-02 01:26:35.411850,233.95,2.0,234.0,5.0
1058,2014-01-02 01:26:36.411818,233.95,4.0,234.0,5.0
1059,2014-01-02 01:26:36.911835,233.95,4.0,234.0,4.0
1060,2014-01-02 01:26:37.412090,233.96,1.0,234.0,4.0
1061,2014-01-02 01:26:37.911986,233.96,1.0,234.0,3.0
1062,2014-01-02 01:26:38.412261,233.96,2.0,234.03,8.0
1063,2014-01-02 01:26:38.912729,233.97,3.0,234.03,6.0
1064,2014-01-02 01:26:39.412514,233.97,4.0,234.03,6.0
1065,2014-01-02 01:26:39.912966,233.98,7.0,234.03,6.0
1066,2014-01-02 01:26:41.913221,233.99,5.0,234.03,6.0
1067,2014-01-02 01:26:42.413144,233.99,3.0,234.03,6.0
1068,2014-01-02 01:26:42.912969,233.99,2.0,234.03,6.0
1069,2014-01-02 01:26:43.913382,233.99,1.0,234.03,6.0
1070,2014-01-02 01:26:44.913704,233.98,3.0,234.03,6.0
1071,2014-01-02 01:26:45.413469,233.98,6.0,234.03,6.0
1072,2014-01-02 01:26:47.914007,233.98,6.0,234.03,8.0
1073,2014-01-02 01:26:48.414037,233.98,7.0,234.03,8.0
1074,2014-01-02 01:26:50.914776,234.0,3.0,234.03,6.0
1075,2014-01-02 01:26:51.415195,234.0,6.0,234.03,6.0
1076,2014-01-02 01:26:54.415681,234.01,1.0,234.03,6.0
1077,2014-01-02 01:26:54.915753,234.01,3.0,234.03,6.0
1078,2014-01-02 01:26:56.415672,234.01,2.0,234.03,6.0
1079,2014-01-02 01:26:57.416150,234.02,1.0,234.03,6.0
1080,2014-01-02 01:26:57.916234,234.02,2.0,234.03,6.0
1081,2014-01-02 01:26:59.416531,234.02,3.0,234.03,6.0
1082,2014-01-02 01:26:59.916743,234.01,1.0,234.03,6.0
1083,2014-01-02 01:27:00.417308,234.01,7.0,234.03,6.0
1084,2014-01-02 01:27:00.917118,234.02,1.0,234.03,6.0
1085,2014-01-02 01:27:01.417200,234.02,3.0,234.03,6.0
1086,2014-01-02 01:27:02.418159,234.02,1.0,234.08,4.0
1087,2014-01-02 01:27:04.918129,234.02,1.0,234.07,5.0
1088,2014-01-02 01:27:05.418282,234.03,1.0,234.07,5.0
1089,2014-01-02 01:27:05.914650,234.05,2.0,234.14,2.0
1090,2014-01-02 01:27:06.419214,234.06,3.0,234.14,2.0
1091,2014-01-02 01:27:06.919297,234.05,1.0,234.13,3.0
1092,2014-01-02 01:27:07.919498,234.07,1.0,234.14,3.0
1093,2014-01-02 01:27:08.419294,234.07,2.0,234.14,4.0
1094,2014-01-02 01:27:09.419084,234.07,2.0,234.12,1.0
1095,2014-01-02 01:27:09.917120,234.08,1.0,234.15,3.0
1096,2014-01-02 01:27:10.419639,234.09,1.0,234.15,3.0
1097,2014-01-02 01:27:10.919853,234.08,2.0,234.15,4.0
1098,2014-01-02 01:27:11.419886,234.08,3.0,234.15,5.0
1099,2014-01-02 01:27:11.920188,234.08,15.0,234.15,5.0
1100,2014-01-02 01:27:12.420289,234.08,15.0,234.14,2.0
1101,2014-01-02 01:27:12.921111,234.12,15.0,234.17,5.0
1102,2014-01-02 01:27:13.921326,234.12,2.0,234.19,1.0
1103,2014-01-02 01:27:14.421377,234.13,1.0,234.2,2.0
1104,2014-01-02 01:27:14.921369,234.13,3.0,234.21,5.0
1105,2014-01-02 01:27:15.421156,234.13,2.0,234.2,5.0
1106,2014-01-02 01:27:16.421264,234.13,4.0,234.19,2.0
1107,2014-01-02 01:27:16.921421,234.13,5.0,234.19,2.0
1108,2014-01-02 01:27:17.921835,234.15,3.0,234.21,2.0
1109,2014-01-02 01:27:18.421895,234.15,4.0,234.21,2.0
1110,2014-01-02 01:27:18.922350,234.14,1.0,234.2,1.0
1111,2014-01-02 01:27:19.922396,234.13,4.0,234.2,2.0
1112,2014-01-02 01:27:20.422075,234.14,5.0,234.2,3.0
1113,2014-01-02 01:27:20.921871,234.14,5.0,234.15,1.0
1114,2014-01-02 01:27:21.423182,234.12,2.0,234.15,1.0
1115,2014-01-02 01:27:21.923185,234.12,1.0,234.15,1.0
1116,2014-01-02 01:27:22.423054,234.1,5.0,234.15,1.0
1117,2014-01-02 01:27:22.923483,234.1,2.0,234.15,2.0
1118,2014-01-02 01:27:23.423179,234.1,1.0,234.15,3.0
1119,2014-01-02 01:27:24.923716,234.08,2.0,234.14,5.0
1120,2014-01-02 01:27:25.423871,234.09,2.0,234.15,3.0
1121,2014-01-02 01:27:25.923566,234.09,3.0,234.15,3.0
1122,2014-01-02 01:27:27.424087,234.09,5.0,234.15,3.0
1123,2014-01-02 01:27:27.923984,234.09,5.0,234.15,4.0
1124,2014-01-02 01:27:30.424587,234.1,1.0,234.15,4.0
1125,2014-01-02 01:27:30.924915,234.1,5.0,234.15,3.0
1126,2014-01-02 01:27:31.425152,234.11,5.0,234.15,1.0
1127,2014-01-02 01:27:31.925086,234.11,2.0,234.15,1.0
1128,2014-01-02 01:27:32.925277,234.11,5.0,234.15,1.0
1129,2014-01-02 01:27:35.425673,234.12,1.0,234.15,1.0
1130,2014-01-02 01:27:35.925899,234.12,5.0,234.15,1.0
1131,2014-01-02 01:27:36.425959,234.13,2.0,234.15,1.0
1132,2014-01-02 01:27:36.926129,234.13,3.0,234.15,1.0
1133,2014-01-02 01:27:37.426184,234.14,3.0,234.15,1.0
1134,2014-01-02 01:27:37.927016,234.17,4.0,234.21,1.0
1135,2014-01-02 01:27:38.426760,234.17,4.0,234.21,3.0
1136,2014-01-02 01:27:38.929935,234.18,3.0,234.24,4.0
1137,2014-01-02 01:27:39.926922,234.18,1.0,234.23,1.0
1138,2014-01-02 01:27:40.427590,234.15,9.0,234.22,3.0
1139,2014-01-02 01:27:40.924825,234.15,9.0,234.22,1.0
1140,2014-01-02 01:27:41.427589,234.15,9.0,234.22,3.0
1141,2014-01-02 01:27:42.424039,234.18,4.0,234.24,4.0
1142,2014-01-02 01:27:43.428013,234.19,1.0,234.23,4.0
1143,2014-01-02 01:27:43.928118,234.18,8.0,234.22,2.0
1144,2014-01-02 01:27:44.427937,234.18,8.0,234.23,5.0
1145,2014-01-02 01:27:44.928226,234.19,1.0,234.23,5.0
1146,2014-01-02 01:27:45.428531,234.19,3.0,234.23,1.0
1147,2014-01-02 01:27:45.928816,234.19,2.0,234.25,5.0
1148,2014-01-02 01:27:46.428990,234.21,1.0,234.25,5.0
1149,2014-01-02 01:27:47.428914,234.21,2.0,234.25,5.0
1150,2014-01-02 01:27:47.929024,234.2,9.0,234.25,5.0
1151,2014-01-02 01:27:49.429049,234.2,2.0,234.25,5.0
1152,2014-01-02 01:27:50.429655,234.2,9.0,234.25,5.0
1153,2014-01-02 01:27:51.429947,234.21,3.0,234.25,6.0
1154,2014-01-02 01:27:51.929908,234.19,32.0,234.2,1.0
1155,2014-01-02 01:27:52.428720,234.19,6.0,234.24,1.0
1156,2014-01-02 01:27:52.930002,234.19,4.0,234.24,2.0
1157,2014-01-02 01:27:53.430773,234.18,10.0,234.23,2.0
1158,2014-01-02 01:27:53.930371,234.18,10.0,234.23,5.0
1159,2014-01-02 01:27:54.430327,234.17,5.0,234.23,5.0
1160,2014-01-02 01:27:54.930045,234.14,2.0,234.21,5.0
1161,2014-01-02 01:27:55.930072,234.11,4.0,234.19,1.0
1162,2014-01-02 01:27:56.431438,234.12,2.0,234.19,2.0
1163,2014-01-02 01:27:56.927283,234.12,2.0,234.18,2.0
1164,2014-01-02 01:27:57.431279,234.12,2.0,234.17,1.0
1165,2014-01-02 01:27:57.931849,234.11,3.0,234.17,2.0
1166,2014-01-02 01:27:58.932471,234.09,2.0,234.16,2.0
1167,2014-01-02 01:27:59.432561,234.09,1.0,234.15,2.0
1168,2014-01-02 01:27:59.932663,234.08,1.0,234.16,4.0
1169,2014-01-02 01:28:00.431351,234.08,3.0,234.16,5.0
1170,2014-01-02 01:28:00.930946,234.08,2.0,234.12,1.0
1171,2014-01-02 01:28:01.433235,234.07,1.0,234.12,6.0
1172,2014-01-02 01:28:02.432904,234.07,1.0,234.11,1.0
1173,2014-01-02 01:28:03.433230,234.06,3.0,234.11,2.0
1174,2014-01-02 01:28:03.933246,234.06,3.0,234.11,4.0
1175,2014-01-02 01:28:04.933307,234.06,2.0,234.11,4.0
1176,2014-01-02 01:28:05.433747,234.03,1.0,234.11,4.0
1177,2014-01-02 01:28:05.933632,234.04,2.0,234.11,4.0
1178,2014-01-02 01:28:06.434148,234.06,1.0,234.11,2.0
1179,2014-01-02 01:28:06.934297,234.08,1.0,234.12,2.0
1180,2014-01-02 01:28:07.434398,234.08,3.0,234.14,1.0
1181,2014-01-02 01:28:07.934782,234.11,6.0,234.19,2.0
1182,2014-01-02 01:28:08.934642,234.11,6.0,234.18,1.0
1183,2014-01-02 01:28:09.934755,234.11,8.0,234.18,1.0
1184,2014-01-02 01:28:11.434981,234.11,9.0,234.18,1.0
1185,2014-01-02 01:28:11.935394,234.11,7.0,234.17,2.0
1186,2014-01-02 01:28:12.438335,234.11,7.0,234.17,1.0
1187,2014-01-02 01:28:12.935076,234.11,7.0,234.16,2.0
1188,2014-01-02 01:28:13.435715,234.11,7.0,234.16,3.0
1189,2014-01-02 01:28:13.935820,234.11,7.0,234.16,4.0
1190,2014-01-02 01:28:14.435537,234.11,6.0,234.16,4.0
1191,2014-01-02 01:28:14.935629,234.11,6.0,234.15,1.0
1192,2014-01-02 01:28:15.436309,234.13,1.0,234.18,2.0
1193,2014-01-02 01:28:15.936927,234.15,2.0,234.18,1.0
1194,2014-01-02 01:28:16.436612,234.14,30.0,234.18,1.0
1195,2014-01-02 01:28:16.936498,234.14,29.0,234.18,1.0
1196,2014-01-02 01:28:17.436649,234.15,2.0,234.18,1.0
1197,2014-01-02 01:28:17.937090,234.17,1.0,234.18,1.0
1198,2014-01-02 01:28:18.437577,234.17,2.0,234.23,1.0
1199,2014-01-02 01:28:18.937414,234.18,3.0,234.24,5.0
1200,2014-01-02 01:28:19.437551,234.18,42.0,234.24,5.0
1201,2014-01-02 01:28:19.937811,234.19,3.0,234.24,6.0
1202,2014-01-02 01:28:20.438073,234.2,2.0,234.24,4.0
1203,2014-01-02 01:28:20.937794,234.2,3.0,234.24,4.0
1204,2014-01-02 01:28:21.438463,234.23,4.0,234.27,6.0
1205,2014-01-02 01:28:21.935158,234.25,1.0,234.29,1.0
1206,2014-01-02 01:28:22.438835,234.27,1.0,234.31,2.0
1207,2014-01-02 01:28:22.938963,234.26,3.0,234.32,1.0
1208,2014-01-02 01:28:23.438915,234.26,41.0,234.32,5.0
1209,2014-01-02 01:28:23.938940,234.27,1.0,234.32,3.0
1210,2014-01-02 01:28:24.439307,234.26,37.0,234.31,2.0
1211,2014-01-02 01:28:24.939332,234.26,37.0,234.3,1.0
1212,2014-01-02 01:28:25.439496,234.26,35.0,234.32,6.0
1213,2014-01-02 01:28:25.939484,234.26,32.0,234.32,6.0
1214,2014-01-02 01:28:26.439600,234.26,32.0,234.31,2.0
1215,2014-01-02 01:28:27.439927,234.27,29.0,234.31,2.0
1216,2014-01-02 01:28:27.940483,234.28,1.0,234.34,6.0
1217,2014-01-02 01:28:28.439489,234.29,1.0,234.35,4.0
1218,2014-01-02 01:28:28.940525,234.29,1.0,234.34,2.0
1219,2014-01-02 01:28:29.440509,234.29,2.0,234.34,1.0
1220,2014-01-02 01:28:29.940650,234.29,1.0,234.34,3.0
1221,2014-01-02 01:28:30.440799,234.27,30.0,234.3,1.0
1222,2014-01-02 01:28:30.941003,234.27,23.0,234.3,1.0
1223,2014-01-02 01:28:31.441422,234.25,1.0,234.3,1.0
1224,2014-01-02 01:28:31.938057,234.21,2.0,234.28,2.0
1225,2014-01-02 01:28:32.441463,234.21,4.0,234.27,1.0
1226,2014-01-02 01:28:32.941824,234.22,2.0,234.28,2.0
1227,2014-01-02 01:28:33.441702,234.22,1.0,234.28,5.0
1228,2014-01-02 01:28:33.944794,234.23,2.0,234.29,2.0
1229,2014-01-02 01:28:34.441964,234.23,2.0,234.29,4.0
1230,2014-01-02 01:28:34.942020,234.23,2.0,234.29,3.0
1231,2014-01-02 01:28:35.442108,234.23,2.0,234.29,4.0
1232,2014-01-02 01:28:35.942029,234.23,2.0,234.28,2.0
1233,2014-01-02 01:28:36.442754,234.25,4.0,234.3,2.0
1234,2014-01-02 01:28:36.942508,234.25,2.0,234.3,3.0
1235,2014-01-02 01:28:37.442825,234.25,5.0,234.3,2.0
1236,2014-01-02 01:28:37.942861,234.25,4.0,234.3,2.0
1237,2014-01-02 01:28:38.942894,234.25,5.0,234.3,3.0
1238,2014-01-02 01:28:40.443563,234.25,43.0,234.3,1.0
1239,2014-01-02 01:28:41.444201,234.25,43.0,234.29,1.0
1240,2014-01-02 01:28:41.944111,234.25,43.0,234.3,2.0
1241,2014-01-02 01:28:42.444252,234.25,43.0,234.3,1.0
1242,2014-01-02 01:28:42.944061,234.26,1.0,234.3,1.0
1243,2014-01-02 01:28:43.444603,234.26,41.0,234.3,1.0
1244,2014-01-02 01:28:43.944400,234.26,42.0,234.3,1.0
1245,2014-01-02 01:28:46.444958,234.26,41.0,234.3,1.0
1246,2014-01-02 01:28:46.944964,234.26,36.0,234.3,3.0
1247,2014-01-02 01:28:47.445365,234.24,7.0,234.3,6.0
1248,2014-01-02 01:28:47.945866,234.24,7.0,234.29,2.0
1249,2014-01-02 01:28:48.445779,234.24,6.0,234.29,3.0
1250,2014-01-02 01:28:48.945689,234.24,6.0,234.29,5.0
1251,2014-01-02 01:28:49.446108,234.24,5.0,234.28,1.0
1252,2014-01-02 01:28:50.446060,234.24,5.0,234.28,2.0
1253,2014-01-02 01:28:50.946526,234.22,1.0,234.28,2.0
1254,2014-01-02 01:28:51.446841,234.21,3.0,234.28,2.0
1255,2014-01-02 01:28:51.946775,234.21,3.0,234.28,3.0
1256,2014-01-02 01:28:52.447092,234.21,1.0,234.27,3.0
1257,2014-01-02 01:28:52.947195,234.2,3.0,234.27,3.0
1258,2014-01-02 01:28:53.447160,234.2,4.0,234.27,3.0
1259,2014-01-02 01:28:54.446906,234.2,5.0,234.27,3.0
1260,2014-01-02 01:28:54.947518,234.2,1.0,234.26,2.0
1261,2014-01-02 01:28:55.447536,234.2,1.0,234.25,1.0
1262,2014-01-02 01:28:56.448066,234.2,1.0,234.25,2.0
1263,2014-01-02 01:28:57.448857,234.17,1.0,234.2,9.0
1264,2014-01-02 01:28:57.948821,234.16,3.0,234.2,9.0
1265,2014-01-02 01:28:59.448878,234.16,1.0,234.2,9.0
1266,2014-01-02 01:28:59.949057,234.15,2.0,234.2,10.0
1267,2014-01-02 01:29:01.949354,234.16,1.0,234.2,10.0
1268,2014-01-02 01:29:02.449504,234.17,4.0,234.2,9.0
1269,2014-01-02 01:29:03.449850,234.18,2.0,234.2,9.0
1270,2014-01-02 01:29:03.949951,234.18,1.0,234.2,9.0
1271,2014-01-02 01:29:04.450126,234.18,1.0,234.2,8.0
1272,2014-01-02 01:29:04.950009,234.17,5.0,234.2,8.0
1273,2014-01-02 01:29:05.450110,234.18,3.0,234.2,8.0
1274,2014-01-02 01:29:05.950332,234.18,1.0,234.2,8.0
1275,2014-01-02 01:29:06.450322,234.17,43.0,234.2,8.0
1276,2014-01-02 01:29:06.950675,234.19,4.0,234.2,8.0
1277,2014-01-02 01:29:07.451495,234.21,2.0,234.27,3.0
1278,2014-01-02 01:29:07.951356,234.21,4.0,234.27,3.0
1279,2014-01-02 01:29:08.451321,234.21,1.0,234.26,1.0
1280,2014-01-02 01:29:08.951494,234.21,1.0,234.27,4.0
1281,2014-01-02 01:29:09.451622,234.22,2.0,234.27,4.0
1282,2014-01-02 01:29:09.951621,234.21,38.0,234.27,5.0
1283,2014-01-02 01:29:10.451950,234.22,2.0,234.27,3.0
1284,2014-01-02 01:29:10.951881,234.21,38.0,234.27,3.0
1285,2014-01-02 01:29:12.452267,234.21,38.0,234.27,4.0
1286,2014-01-02 01:29:13.452765,234.23,4.0,234.29,2.0
1287,2014-01-02 01:29:13.952914,234.23,38.0,234.29,2.0
1288,2014-01-02 01:29:14.452774,234.24,8.0,234.29,2.0
1289,2014-01-02 01:29:14.952998,234.25,1.0,234.29,2.0
1290,2014-01-02 01:29:15.453243,234.25,5.0,234.3,4.0
1291,2014-01-02 01:29:15.953111,234.25,38.0,234.3,2.0
1292,2014-01-02 01:29:16.453696,234.26,14.0,234.31,1.0
1293,2014-01-02 01:29:16.953872,234.27,1.0,234.32,6.0
1294,2014-01-02 01:29:17.453909,234.27,5.0,234.32,6.0
1295,2014-01-02 01:29:17.954760,234.28,3.0,234.34,1.0
1296,2014-01-02 01:29:18.454482,234.28,7.0,234.33,1.0
1297,2014-01-02 01:29:18.954660,234.29,1.0,234.34,6.0
1298,2014-01-02 01:29:19.454903,234.26,5.0,234.32,4.0
1299,2014-01-02 01:29:20.454973,234.26,5.0,234.31,1.0
1300,2014-01-02 01:29:20.955054,234.26,2.0,234.31,2.0
1301,2014-01-02 01:29:21.455002,234.26,2.0,234.3,2.0
1302,2014-01-02 01:29:21.955704,234.24,6.0,234.3,5.0
1303,2014-01-02 01:29:22.455442,234.24,5.0,234.29,1.0
1304,2014-01-02 01:29:22.955833,234.25,1.0,234.3,1.0
1305,2014-01-02 01:29:23.455847,234.26,1.0,234.3,1.0
1306,2014-01-02 01:29:24.456229,234.25,1.0,234.31,3.0
1307,2014-01-02 01:29:24.955982,234.25,1.0,234.31,4.0
1308,2014-01-02 01:29:25.456107,234.26,2.0,234.31,5.0
1309,2014-01-02 01:29:25.956196,234.26,2.0,234.3,1.0
1310,2014-01-02 01:29:28.457082,234.25,1.0,234.3,1.0
1311,2014-01-02 01:29:28.956782,234.25,1.0,234.3,2.0
1312,2014-01-02 01:29:29.456965,234.25,1.0,234.3,3.0
1313,2014-01-02 01:29:29.957096,234.25,1.0,234.29,3.0
1314,2014-01-02 01:29:30.457446,234.25,28.0,234.3,1.0
1315,2014-01-02 01:29:30.957539,234.26,3.0,234.3,1.0
1316,2014-01-02 01:29:31.457733,234.25,28.0,234.3,1.0
1317,2014-01-02 01:29:32.457848,234.25,1.0,234.3,2.0
1318,2014-01-02 01:29:32.957902,234.26,1.0,234.3,2.0
1319,2014-01-02 01:29:33.458160,234.24,28.0,234.3,2.0
1320,2014-01-02 01:29:34.458873,234.27,1.0,234.3,1.0
1321,2014-01-02 01:29:34.958667,234.27,28.0,234.3,1.0
1322,2014-01-02 01:29:35.458702,234.28,1.0,234.3,1.0
1323,2014-01-02 01:29:36.458773,234.28,2.0,234.3,1.0
1324,2014-01-02 01:29:36.955778,234.3,2.0,234.34,1.0
1325,2014-01-02 01:29:37.459336,234.28,27.0,234.33,1.0
1326,2014-01-02 01:29:37.955571,234.29,4.0,234.34,6.0
1327,2014-01-02 01:29:38.459593,234.29,2.0,234.34,4.0
1328,2014-01-02 01:29:38.959993,234.3,2.0,234.35,6.0
1329,2014-01-02 01:29:39.460029,234.29,27.0,234.33,1.0
1330,2014-01-02 01:29:39.960558,234.24,3.0,234.28,15.0
1331,2014-01-02 01:29:40.460498,234.23,4.0,234.28,15.0
1332,2014-01-02 01:29:40.961056,234.24,1.0,234.28,15.0
1333,2014-01-02 01:29:41.460829,234.25,1.0,234.28,14.0
1334,2014-01-02 01:29:41.961184,234.23,5.0,234.28,14.0
1335,2014-01-02 01:29:42.461137,234.23,2.0,234.28,14.0
1336,2014-01-02 01:29:43.461819,234.2,1.0,234.26,2.0
1337,2014-01-02 01:29:43.961620,234.2,2.0,234.25,1.0
1338,2014-01-02 01:29:44.461736,234.21,1.0,234.25,2.0
1339,2014-01-02 01:29:44.961758,234.2,1.0,234.24,1.0
1340,2014-01-02 01:29:45.462110,234.19,1.0,234.24,2.0
1341,2014-01-02 01:29:45.962143,234.18,4.0,234.25,2.0
1342,2014-01-02 01:29:46.462257,234.18,5.0,234.25,4.0
1343,2014-01-02 01:29:46.962775,234.18,1.0,234.23,1.0
1344,2014-01-02 01:29:48.463122,234.17,1.0,234.21,3.0
1345,2014-01-02 01:29:50.463453,234.17,2.0,234.23,3.0
1346,2014-01-02 01:29:50.963512,234.18,2.0,234.25,3.0
1347,2014-01-02 01:29:51.463936,234.17,2.0,234.24,2.0
1348,2014-01-02 01:29:51.959859,234.17,2.0,234.24,3.0
1349,2014-01-02 01:29:52.964431,234.15,2.0,234.22,3.0
1350,2014-01-02 01:29:53.464568,234.13,1.0,234.19,1.0
1351,2014-01-02 01:29:53.964719,234.13,1.0,234.19,4.0
1352,2014-01-02 01:29:54.464746,234.13,4.0,234.19,3.0
1353,2014-01-02 01:29:54.965088,234.13,2.0,234.17,2.0
1354,2014-01-02 01:29:55.465451,234.16,26.0,234.22,3.0
1355,2014-01-02 01:29:56.466001,234.21,26.0,234.28,14.0
1356,2014-01-02 01:29:56.966006,234.21,26.0,234.27,3.0
1357,2014-01-02 01:29:57.466420,234.26,23.0,234.28,14.0
1358,2014-01-02 01:29:58.466898,234.26,4.0,234.32,6.0
1359,2014-01-02 01:29:58.967072,234.13,1.0,234.22,1.0
1360,2014-01-02 01:29:59.467135,234.19,12.0,234.26,2.0
1361,2014-01-02 01:29:59.967180,234.2,1.0,234.26,1.0
1362,2014-01-02 01:30:00.467632,234.21,4.0,234.3,1.0
1363,2014-01-02 01:30:00.967692,234.21,1.0,234.26,1.0
1364,2014-01-02 01:30:01.467993,234.23,12.0,234.34,2.0
1365,2014-01-02 01:30:01.967975,234.26,1.0,234.34,5.0
1366,2014-01-02 01:30:02.470139,234.26,1.0,234.36,1.0
1367,2014-01-02 01:30:02.968354,234.28,3.0,234.37,6.0
1368,2014-01-02 01:30:03.468847,234.25,2.0,234.34,3.0
1369,2014-01-02 01:30:03.963670,234.28,2.0,234.35,4.0
1370,2014-01-02 01:30:04.468954,234.33,6.0,234.37,6.0
1371,2014-01-02 01:30:04.969438,234.33,8.0,234.38,3.0
1372,2014-01-02 01:30:05.469687,234.36,2.0,234.4,3.0
1373,2014-01-02 01:30:05.970074,234.35,8.0,234.42,39.0
1374,2014-01-02 01:30:06.467040,234.39,4.0,234.42,39.0
1375,2014-01-02 01:30:06.968407,234.38,3.0,234.42,29.0
1376,2014-01-02 01:30:07.470525,234.4,1.0,234.42,22.0
1377,2014-01-02 01:30:07.970340,234.39,1.0,234.42,20.0
1378,2014-01-02 01:30:08.467917,234.38,1.0,234.42,16.0
1379,2014-01-02 01:30:08.970570,234.39,1.0,234.42,16.0
1380,2014-01-02 01:30:09.471019,234.38,1.0,234.42,16.0
1381,2014-01-02 01:30:09.971016,234.39,3.0,234.42,16.0
1382,2014-01-02 01:30:10.466372,234.39,5.0,234.42,16.0
1383,2014-01-02 01:30:10.971581,234.37,1.0,234.42,16.0
1384,2014-01-02 01:30:11.972314,234.34,6.0,234.4,1.0
1385,2014-01-02 01:30:12.472295,234.29,6.0,234.38,3.0
1386,2014-01-02 01:30:12.969056,234.26,7.0,234.37,5.0
1387,2014-01-02 01:30:13.472754,234.26,6.0,234.36,1.0
1388,2014-01-02 01:30:13.972941,234.22,2.0,234.33,2.0
1389,2014-01-02 01:30:14.472311,234.22,2.0,234.31,3.0
1390,2014-01-02 01:30:14.973512,234.19,1.0,234.29,3.0
1391,2014-01-02 01:30:15.469608,234.18,1.0,234.27,2.0
1392,2014-01-02 01:30:15.972604,234.15,18.0,234.25,3.0
1393,2014-01-02 01:30:16.470779,234.15,17.0,234.24,3.0
1394,2014-01-02 01:30:16.970206,234.11,2.0,234.21,2.0
1395,2014-01-02 01:30:17.470342,234.09,3.0,234.19,5.0
1396,2014-01-02 01:30:17.973617,234.09,3.0,234.19,2.0
1397,2014-01-02 01:30:18.469541,234.07,4.0,234.18,4.0
1398,2014-01-02 01:30:18.972271,234.08,5.0,234.19,5.0
1399,2014-01-02 01:30:19.474969,234.09,1.0,234.19,1.0
1400,2014-01-02 01:30:19.975332,234.11,1.0,234.21,1.0
1401,2014-01-02 01:30:20.475532,234.13,1.0,234.22,5.0
1402,2014-01-02 01:30:20.975294,234.1,2.0,234.2,2.0
1403,2014-01-02 01:30:21.472406,234.16,2.0,234.28,3.0
1404,2014-01-02 01:30:21.971889,234.16,2.0,234.25,1.0
1405,2014-01-02 01:30:22.475344,234.16,2.0,234.26,5.0
1406,2014-01-02 01:30:22.976021,234.16,3.0,234.26,6.0
1407,2014-01-02 01:30:23.476045,234.16,1.0,234.25,3.0
1408,2014-01-02 01:30:24.476566,234.14,2.0,234.23,3.0
1409,2014-01-02 01:30:24.976875,234.12,2.0,234.21,1.0
1410,2014-01-02 01:30:25.473849,234.11,2.0,234.22,3.0
1411,2014-01-02 01:30:25.977389,234.09,1.0,234.18,1.0
1412,2014-01-02 01:30:26.477530,234.09,1.0,234.18,2.0
1413,2014-01-02 01:30:26.973889,234.08,3.0,234.18,2.0
1414,2014-01-02 01:30:27.477033,234.11,6.0,234.23,3.0
1415,2014-01-02 01:30:27.973206,234.11,5.0,234.22,5.0
1416,2014-01-02 01:30:28.477947,234.13,3.0,234.23,1.0
1417,2014-01-02 01:30:28.974946,234.12,6.0,234.23,1.0
1418,2014-01-02 01:30:29.477996,234.13,5.0,234.25,2.0
1419,2014-01-02 01:30:29.978328,234.12,4.0,234.22,6.0
1420,2014-01-02 01:30:30.478479,234.12,4.0,234.2,1.0
1421,2014-01-02 01:30:30.978547,234.11,3.0,234.2,4.0
1422,2014-01-02 01:30:31.478726,234.11,3.0,234.19,5.0
1423,2014-01-02 01:30:31.975771,234.13,1.0,234.22,1.0
1424,2014-01-02 01:30:32.979065,234.13,1.0,234.22,4.0
1425,2014-01-02 01:30:33.479278,234.11,5.0,234.21,1.0
1426,2014-01-02 01:30:33.979725,234.11,3.0,234.2,1.0
1427,2014-01-02 01:30:34.479511,234.11,1.0,234.2,4.0
1428,2014-01-02 01:30:34.979975,234.09,1.0,234.18,4.0
1429,2014-01-02 01:30:35.978476,234.07,3.0,234.17,5.0
1430,2014-01-02 01:30:36.480315,234.06,3.0,234.15,3.0
1431,2014-01-02 01:30:36.980605,234.05,2.0,234.14,1.0
1432,2014-01-02 01:30:37.481080,234.04,5.0,234.13,5.0
1433,2014-01-02 01:30:37.980119,234.04,4.0,234.13,5.0
1434,2014-01-02 01:30:38.481150,234.03,1.0,234.13,5.0
1435,2014-01-02 01:30:38.981137,234.03,1.0,234.13,3.0
1436,2014-01-02 01:30:39.481029,234.02,3.0,234.13,5.0
1437,2014-01-02 01:30:39.981104,234.09,2.0,234.18,1.0
1438,2014-01-02 01:30:40.481638,234.09,1.0,234.18,1.0
1439,2014-01-02 01:30:40.981924,234.09,2.0,234.18,2.0
1440,2014-01-02 01:30:41.482314,234.09,2.0,234.19,2.0
1441,2014-01-02 01:30:41.982254,234.08,4.0,234.19,3.0
1442,2014-01-02 01:30:42.482311,234.09,5.0,234.19,2.0
1443,2014-01-02 01:30:42.982225,234.09,2.0,234.19,2.0
1444,2014-01-02 01:30:43.482945,234.09,5.0,234.19,2.0
1445,2014-01-02 01:30:43.982878,234.11,1.0,234.19,2.0
1446,2014-01-02 01:30:44.482833,234.1,4.0,234.19,2.0
1447,2014-01-02 01:30:44.979838,234.1,3.0,234.19,2.0
1448,2014-01-02 01:30:46.483440,234.1,1.0,234.18,3.0
1449,2014-01-02 01:30:46.983755,234.08,3.0,234.17,3.0
1450,2014-01-02 01:30:47.483451,234.08,2.0,234.17,1.0
1451,2014-01-02 01:30:47.983705,234.08,1.0,234.17,3.0
1452,2014-01-02 01:30:48.483702,234.07,1.0,234.16,2.0
1453,2014-01-02 01:30:48.984182,234.06,5.0,234.16,4.0
1454,2014-01-02 01:30:49.483895,234.06,4.0,234.16,4.0
1455,2014-01-02 01:30:49.984512,234.06,3.0,234.15,6.0
1456,2014-01-02 01:30:50.484527,234.05,1.0,234.14,1.0
1457,2014-01-02 01:30:50.984610,234.05,1.0,234.14,4.0
1458,2014-01-02 01:30:51.484806,234.04,1.0,234.14,4.0
1459,2014-01-02 01:30:51.985194,234.04,4.0,234.12,1.0
1460,2014-01-02 01:30:52.485112,234.04,1.0,234.14,3.0
1461,2014-01-02 01:30:53.485414,234.04,1.0,234.14,1.0
1462,2014-01-02 01:30:53.985507,234.04,1.0,234.15,3.0
1463,2014-01-02 01:30:54.485668,234.02,5.0,234.11,4.0
1464,2014-01-02 01:30:54.986210,234.02,1.0,234.1,6.0
1465,2014-01-02 01:30:55.486657,234.01,4.0,234.09,4.0
1466,2014-01-02 01:30:55.983285,234.0,21.0,234.08,4.0
1467,2014-01-02 01:30:56.486957,233.98,2.0,234.06,1.0
1468,2014-01-02 01:30:56.987601,233.9,1.0,233.99,1.0
1469,2014-01-02 01:30:57.487738,233.88,4.0,233.97,5.0
1470,2014-01-02 01:30:57.987534,233.9,1.0,234.0,3.0
1471,2014-01-02 01:30:58.487769,233.93,1.0,234.01,2.0
1472,2014-01-02 01:30:58.987866,233.93,2.0,234.02,1.0
1473,2014-01-02 01:30:59.488020,233.91,2.0,234.0,1.0
1474,2014-01-02 01:30:59.987920,233.91,4.0,234.02,3.0
1475,2014-01-02 01:31:00.488112,233.92,2.0,234.02,3.0
1476,2014-01-02 01:31:00.988660,233.91,1.0,234.0,1.0
1477,2014-01-02 01:31:01.488337,233.91,2.0,234.0,3.0
1478,2014-01-02 01:31:01.988821,233.91,1.0,233.99,1.0
1479,2014-01-02 01:31:02.989002,233.91,3.0,234.0,6.0
1480,2014-01-02 01:31:03.489373,233.93,1.0,234.03,3.0
1481,2014-01-02 01:31:03.989418,233.95,1.0,234.02,6.0
1482,2014-01-02 01:31:04.489800,233.92,1.0,234.02,5.0
1483,2014-01-02 01:31:04.989958,233.91,1.0,234.0,2.0
1484,2014-01-02 01:31:05.490253,233.92,1.0,234.01,2.0
1485,2014-01-02 01:31:05.989959,233.94,1.0,234.02,1.0
1486,2014-01-02 01:31:06.490016,233.93,1.0,234.02,1.0
1487,2014-01-02 01:31:06.990238,233.94,1.0,234.03,1.0
1488,2014-01-02 01:31:07.490257,233.94,1.0,234.04,5.0
1489,2014-01-02 01:31:07.990752,233.97,1.0,234.05,3.0
1490,2014-01-02 01:31:08.490576,233.97,1.0,234.05,4.0
1491,2014-01-02 01:31:08.990776,233.96,1.0,234.04,2.0
1492,2014-01-02 01:31:09.490842,233.97,1.0,234.04,2.0
1493,2014-01-02 01:31:09.990889,233.97,1.0,234.03,2.0
1494,2014-01-02 01:31:10.991284,233.97,1.0,234.03,1.0
1495,2014-01-02 01:31:11.491215,233.96,1.0,234.03,1.0
1496,2014-01-02 01:31:11.988225,233.92,1.0,234.0,2.0
1497,2014-01-02 01:31:12.492194,233.92,1.0,234.0,1.0
1498,2014-01-02 01:31:12.992308,233.88,1.0,233.95,1.0
1499,2014-01-02 01:31:13.492385,233.88,1.0,233.95,3.0
1500,2014-01-02 01:31:13.992560,233.89,1.0,233.95,2.0
1501,2014-01-02 01:31:14.488398,233.89,1.0,233.96,2.0
1502,2014-01-02 01:31:15.992800,233.88,1.0,233.96,2.0
1503,2014-01-02 01:31:16.493458,233.85,1.0,233.93,1.0
1504,2014-01-02 01:31:16.993320,233.85,1.0,233.93,2.0
1505,2014-01-02 01:31:17.993870,233.85,1.0,233.93,5.0
1506,2014-01-02 01:31:18.493762,233.85,1.0,233.93,6.0
1507,2014-01-02 01:31:18.993986,233.84,1.0,233.91,1.0
1508,2014-01-02 01:31:19.494226,233.83,1.0,233.91,2.0
1509,2014-01-02 01:31:19.994075,233.85,1.0,233.91,4.0
1510,2014-01-02 01:31:20.494375,233.85,1.0,233.91,1.0
1511,2014-01-02 01:31:20.994403,233.85,2.0,233.91,1.0
1512,2014-01-02 01:31:21.494718,233.85,1.0,233.9,2.0
1513,2014-01-02 01:31:21.994582,233.85,1.0,233.9,1.0
1514,2014-01-02 01:31:22.495158,233.85,1.0,233.91,3.0
1515,2014-01-02 01:31:23.495286,233.85,1.0,233.93,5.0
1516,2014-01-02 01:31:23.992942,233.85,1.0,233.91,1.0
1517,2014-01-02 01:31:24.496068,233.85,2.0,233.92,1.0
1518,2014-01-02 01:31:24.996096,233.85,2.0,233.93,1.0
1519,2014-01-02 01:31:25.496306,233.85,1.0,233.9,1.0
1520,2014-01-02 01:31:25.994758,233.85,1.0,233.9,2.0
1521,2014-01-02 01:31:26.496382,233.85,1.0,233.89,1.0
1522,2014-01-02 01:31:26.996464,233.85,1.0,233.9,1.0
1523,2014-01-02 01:31:27.996713,233.85,1.0,233.92,3.0
1524,2014-01-02 01:31:28.496689,233.85,1.0,233.92,4.0
1525,2014-01-02 01:31:28.996935,233.85,1.0,233.92,5.0
1526,2014-01-02 01:31:29.497084,233.85,1.0,233.92,2.0
1527,2014-01-02 01:31:29.997289,233.85,1.0,233.9,2.0
1528,2014-01-02 01:31:30.497402,233.85,2.0,233.92,6.0
1529,2014-01-02 01:31:30.997724,233.85,1.0,233.92,2.0
1530,2014-01-02 01:31:31.497477,233.85,2.0,233.92,2.0
1531,2014-01-02 01:31:31.997815,233.85,2.0,233.92,1.0
1532,2014-01-02 01:31:32.497990,233.86,1.0,233.93,1.0
1533,2014-01-02 01:31:32.998217,233.87,1.0,233.94,3.0
1534,2014-01-02 01:31:33.498217,233.88,1.0,233.94,3.0
1535,2014-01-02 01:31:33.998473,233.89,1.0,233.96,1.0
1536,2014-01-02 01:31:34.498679,233.88,1.0,233.96,3.0
1537,2014-01-02 01:31:34.998931,233.89,1.0,233.97,2.0
1538,2014-01-02 01:31:35.499131,233.92,1.0,233.99,2.0
1539,2014-01-02 01:31:36.002264,233.9,1.0,233.98,2.0
1540,2014-01-02 01:31:36.499446,233.9,1.0,233.99,3.0
1541,2014-01-02 01:31:36.999905,233.9,1.0,233.98,1.0
1542,2014-01-02 01:31:38.499784,233.91,1.0,233.98,1.0
1543,2014-01-02 01:31:38.999833,233.9,1.0,233.98,2.0
1544,2014-01-02 01:31:39.499894,233.91,1.0,233.98,1.0
1545,2014-01-02 01:31:41.000427,233.9,1.0,233.97,2.0
1546,2014-01-02 01:31:41.500396,233.9,1.0,233.98,1.0
1547,2014-01-02 01:31:42.000491,233.9,1.0,233.99,3.0
1548,2014-01-02 01:31:42.500625,233.9,1.0,233.99,2.0
1549,2014-01-02 01:31:43.500577,233.9,1.0,233.99,4.0
1550,2014-01-02 01:31:44.001009,233.9,1.0,233.98,1.0
1551,2014-01-02 01:31:44.500982,233.91,1.0,233.99,6.0
1552,2014-01-02 01:31:45.501539,233.9,1.0,233.97,1.0
1553,2014-01-02 01:31:46.501904,233.88,1.0,233.96,3.0
1554,2014-01-02 01:31:47.001662,233.88,1.0,233.97,3.0
1555,2014-01-02 01:31:47.502017,233.88,1.0,233.97,1.0
1556,2014-01-02 01:31:48.503038,233.85,1.0,233.96,5.0
1557,2014-01-02 01:31:49.003033,233.86,1.0,233.94,1.0
1558,2014-01-02 01:31:49.503216,233.88,1.0,233.96,1.0
1559,2014-01-02 01:31:50.003386,233.87,1.0,233.96,3.0
1560,2014-01-02 01:31:50.503404,233.86,1.0,233.95,6.0
1561,2014-01-02 01:31:51.003512,233.9,4.0,233.96,1.0
1562,2014-01-02 01:31:51.503113,233.9,5.0,233.96,1.0
1563,2014-01-02 01:31:52.503534,233.9,3.0,233.96,5.0
1564,2014-01-02 01:31:53.503388,233.9,5.0,233.96,5.0
1565,2014-01-02 01:31:54.003827,233.9,5.0,233.97,5.0
1566,2014-01-02 01:31:54.504177,233.9,6.0,233.96,1.0
1567,2014-01-02 01:31:55.004346,233.9,4.0,233.96,3.0
1568,2014-01-02 01:31:56.004207,233.9,4.0,233.96,5.0
1569,2014-01-02 01:31:56.504323,233.9,4.0,233.95,1.0
1570,2014-01-02 01:31:59.005170,233.89,2.0,233.95,4.0
1571,2014-01-02 01:32:00.005264,233.9,6.0,233.95,3.0
1572,2014-01-02 01:32:00.505285,233.9,5.0,233.95,3.0
1573,2014-01-02 01:32:01.005509,233.9,5.0,233.95,5.0
1574,2014-01-02 01:32:01.505530,233.9,4.0,233.95,5.0
1575,2014-01-02 01:32:02.005543,233.9,5.0,233.95,5.0
1576,2014-01-02 01:32:02.505615,233.9,5.0,233.95,4.0
1577,2014-01-02 01:32:03.005727,233.9,5.0,233.95,3.0
1578,2014-01-02 01:32:03.506110,233.91,4.0,233.96,2.0
1579,2014-01-02 01:32:04.006726,233.91,2.0,233.96,1.0
1580,2014-01-02 01:32:04.506554,233.9,3.0,233.96,3.0
1581,2014-01-02 01:32:05.006958,233.91,1.0,233.99,5.0
1582,2014-01-02 01:32:05.507193,233.91,2.0,233.98,3.0
1583,2014-01-02 01:32:06.007653,233.92,1.0,233.98,2.0
1584,2014-01-02 01:32:06.507317,233.93,2.0,233.98,1.0
1585,2014-01-02 01:32:08.508094,233.91,5.0,233.97,5.0
1586,2014-01-02 01:32:09.008003,233.91,5.0,233.96,2.0
1587,2014-01-02 01:32:09.506407,233.91,3.0,233.95,1.0
1588,2014-01-02 01:32:10.508098,233.91,1.0,233.95,1.0
1589,2014-01-02 01:32:11.008050,233.91,2.0,233.95,1.0
1590,2014-01-02 01:32:11.508454,233.91,5.0,233.96,2.0
1591,2014-01-02 01:32:12.008502,233.91,3.0,233.96,2.0
1592,2014-01-02 01:32:12.508902,233.91,5.0,233.96,2.0
1593,2014-01-02 01:32:13.008995,233.91,1.0,233.96,1.0
1594,2014-01-02 01:32:13.509087,233.91,1.0,233.97,4.0
1595,2014-01-02 01:32:14.009259,233.93,7.0,233.99,5.0
1596,2014-01-02 01:32:14.509415,233.93,5.0,233.98,1.0
1597,2014-01-02 01:32:15.009401,233.95,1.0,233.98,1.0
1598,2014-01-02 01:32:15.509900,233.95,1.0,233.99,5.0
1599,2014-01-02 01:32:17.010624,233.97,2.0,234.0,1.0
1600,2014-01-02 01:32:18.010625,233.98,1.0,234.0,1.0
1601,2014-01-02 01:32:18.511052,233.99,1.0,234.03,2.0
1602,2014-01-02 01:32:19.011012,233.99,2.0,234.03,2.0
1603,2014-01-02 01:32:19.510921,234.0,2.0,234.03,2.0
1604,2014-01-02 01:32:20.011468,234.0,3.0,234.05,2.0
1605,2014-01-02 01:32:20.511635,234.03,4.0,234.07,1.0
1606,2014-01-02 01:32:21.011407,234.03,4.0,234.07,2.0
1607,2014-01-02 01:32:22.511547,234.03,4.0,234.08,4.0
1608,2014-01-02 01:32:23.011687,234.03,4.0,234.07,3.0
1609,2014-01-02 01:32:24.012221,234.05,5.0,234.11,3.0
1610,2014-01-02 01:32:24.512536,234.06,1.0,234.12,2.0
1611,2014-01-02 01:32:25.012256,234.05,5.0,234.11,3.0
1612,2014-01-02 01:32:25.511652,234.03,12.0,234.09,1.0
1613,2014-01-02 01:32:26.012683,234.03,12.0,234.09,3.0
1614,2014-01-02 01:32:26.512660,234.03,12.0,234.09,5.0
1615,2014-01-02 01:32:27.012696,234.03,13.0,234.08,4.0
1616,2014-01-02 01:32:28.013398,234.03,12.0,234.07,3.0
1617,2014-01-02 01:32:28.513689,234.0,3.0,234.05,2.0
1618,2014-01-02 01:32:29.513779,234.0,4.0,234.04,3.0
1619,2014-01-02 01:32:30.014356,233.95,3.0,234.01,2.0
1620,2014-01-02 01:32:31.014297,233.95,1.0,234.01,2.0
1621,2014-01-02 01:32:31.514242,233.95,1.0,234.01,3.0
1622,2014-01-02 01:32:32.014427,233.97,1.0,234.01,3.0
1623,2014-01-02 01:32:33.014767,233.97,3.0,234.03,1.0
1624,2014-01-02 01:32:33.515130,233.98,1.0,234.03,1.0
1625,2014-01-02 01:32:34.515196,233.98,5.0,234.04,1.0
1626,2014-01-02 01:32:35.015104,233.98,5.0,234.05,1.0
1627,2014-01-02 01:32:35.515766,234.0,1.0,234.07,2.0
1628,2014-01-02 01:32:36.015657,234.0,2.0,234.07,2.0
1629,2014-01-02 01:32:36.515785,233.99,2.0,234.06,4.0
1630,2014-01-02 01:32:37.015967,234.03,1.0,234.06,2.0
1631,2014-01-02 01:32:37.515920,234.03,2.0,234.06,1.0
1632,2014-01-02 01:32:38.016111,234.03,2.0,234.07,1.0
1633,2014-01-02 01:32:38.516056,234.04,1.0,234.07,1.0
1634,2014-01-02 01:32:39.016557,234.04,3.0,234.09,2.0
1635,2014-01-02 01:32:39.516273,234.04,4.0,234.09,2.0
1636,2014-01-02 01:32:41.016541,234.04,4.0,234.08,2.0
1637,2014-01-02 01:32:41.516685,234.04,3.0,234.08,2.0
1638,2014-01-02 01:32:42.517661,234.07,1.0,234.11,2.0
1639,2014-01-02 01:32:43.517396,234.07,1.0,234.11,1.0
1640,2014-01-02 01:32:44.017617,234.07,1.0,234.11,2.0
1641,2014-01-02 01:32:44.517892,234.06,2.0,234.11,2.0
1642,2014-01-02 01:32:45.017923,234.06,1.0,234.11,2.0
1643,2014-01-02 01:32:45.518091,234.06,1.0,234.1,2.0
1644,2014-01-02 01:32:47.018054,234.06,2.0,234.1,2.0
1645,2014-01-02 01:32:47.518212,234.06,4.0,234.1,2.0
1646,2014-01-02 01:32:48.017986,234.06,4.0,234.09,1.0
1647,2014-01-02 01:32:48.518462,234.06,2.0,234.09,2.0
1648,2014-01-02 01:32:49.018683,234.06,1.0,234.1,2.0
1649,2014-01-02 01:32:50.018788,234.06,3.0,234.1,1.0
1650,2014-01-02 01:32:50.519499,234.08,5.0,234.13,1.0
1651,2014-01-02 01:32:51.519523,234.08,5.0,234.13,2.0
1652,2014-01-02 01:32:52.019558,234.08,5.0,234.12,2.0
1653,2014-01-02 01:32:54.019687,234.08,2.0,234.12,2.0
1654,2014-01-02 01:32:56.020407,234.07,2.0,234.1,2.0
1655,2014-01-02 01:32:56.520443,234.06,4.0,234.1,2.0
1656,2014-01-02 01:32:58.520633,234.06,3.0,234.09,2.0
1657,2014-01-02 01:32:59.020715,234.06,2.0,234.09,2.0
1658,2014-01-02 01:32:59.520710,234.06,4.0,234.09,2.0
1659,2014-01-02 01:33:00.021060,234.07,4.0,234.11,2.0
1660,2014-01-02 01:33:00.520940,234.07,1.0,234.11,2.0
1661,2014-01-02 01:33:01.521167,234.08,1.0,234.11,2.0
1662,2014-01-02 01:33:02.021296,234.08,3.0,234.11,2.0
1663,2014-01-02 01:33:02.521314,234.09,1.0,234.11,2.0
1664,2014-01-02 01:33:03.021016,234.09,2.0,234.11,2.0
1665,2014-01-02 01:33:04.022106,234.09,3.0,234.11,2.0
1666,2014-01-02 01:33:05.022156,234.1,4.0,234.13,2.0
1667,2014-01-02 01:33:06.022342,234.09,8.0,234.13,1.0
1668,2014-01-02 01:33:06.522372,234.1,2.0,234.13,1.0
1669,2014-01-02 01:33:07.022389,234.11,1.0,234.13,1.0
1670,2014-01-02 01:33:08.022328,234.1,2.0,234.13,1.0
1671,2014-01-02 01:33:08.523476,234.08,1.0,234.12,1.0
1672,2014-01-02 01:33:09.018757,234.08,3.0,234.12,1.0
1673,2014-01-02 01:33:09.521300,234.08,2.0,234.11,1.0
1674,2014-01-02 01:33:10.023138,234.08,1.0,234.11,1.0
1675,2014-01-02 01:33:10.519518,234.1,4.0,234.13,1.0
1676,2014-01-02 01:33:11.023658,234.1,6.0,234.13,1.0
1677,2014-01-02 01:33:11.521101,234.11,1.0,234.15,2.0
1678,2014-01-02 01:33:12.024429,234.11,2.0,234.14,2.0
1679,2014-01-02 01:33:12.523806,234.11,4.0,234.14,2.0
1680,2014-01-02 01:33:13.523782,234.11,4.0,234.16,2.0
1681,2014-01-02 01:33:14.524200,234.11,5.0,234.17,2.0
1682,2014-01-02 01:33:15.024285,234.11,6.0,234.17,2.0
1683,2014-01-02 01:33:15.524480,234.12,1.0,234.17,2.0
1684,2014-01-02 01:33:16.025608,234.14,3.0,234.2,3.0
1685,2014-01-02 01:33:16.524521,234.14,1.0,234.21,3.0
1686,2014-01-02 01:33:17.025357,234.14,2.0,234.21,1.0
1687,2014-01-02 01:33:17.525530,234.14,3.0,234.21,1.0
1688,2014-01-02 01:33:18.525682,234.15,1.0,234.21,2.0
1689,2014-01-02 01:33:19.025493,234.15,1.0,234.21,1.0
1690,2014-01-02 01:33:19.526010,234.15,1.0,234.22,1.0
1691,2014-01-02 01:33:20.026688,234.18,3.0,234.28,3.0
1692,2014-01-02 01:33:20.526435,234.17,2.0,234.26,4.0
1693,2014-01-02 01:33:21.026705,234.18,2.0,234.24,1.0
1694,2014-01-02 01:33:21.526675,234.18,1.0,234.26,4.0
1695,2014-01-02 01:33:22.025566,234.17,1.0,234.26,4.0
1696,2014-01-02 01:33:22.526707,234.17,1.0,234.24,3.0
1697,2014-01-02 01:33:23.026903,234.17,2.0,234.24,2.0
1698,2014-01-02 01:33:23.527061,234.18,1.0,234.25,2.0
1699,2014-01-02 01:33:24.027207,234.18,2.0,234.23,1.0
1700,2014-01-02 01:33:24.527256,234.18,1.0,234.23,1.0
1701,2014-01-02 01:33:25.027281,234.18,2.0,234.24,2.0
1702,2014-01-02 01:33:26.026994,234.18,2.0,234.24,3.0
1703,2014-01-02 01:33:27.027541,234.18,2.0,234.23,2.0
1704,2014-01-02 01:33:28.027554,234.18,2.0,234.23,1.0
1705,2014-01-02 01:33:29.027562,234.18,2.0,234.23,2.0
1706,2014-01-02 01:33:29.528087,234.19,2.0,234.23,1.0
1707,2014-01-02 01:33:31.028124,234.19,3.0,234.23,1.0
1708,2014-01-02 01:33:31.528708,234.19,3.0,234.24,2.0
1709,2014-01-02 01:33:33.029685,234.21,3.0,234.27,2.0
1710,2014-01-02 01:33:33.529938,234.22,1.0,234.27,1.0
1711,2014-01-02 01:33:34.029894,234.21,5.0,234.27,2.0
1712,2014-01-02 01:33:34.529902,234.21,3.0,234.27,2.0
1713,2014-01-02 01:33:35.029927,234.21,4.0,234.28,3.0
1714,2014-01-02 01:33:35.530176,234.22,6.0,234.28,1.0
1715,2014-01-02 01:33:36.030577,234.22,2.0,234.28,1.0
1716,2014-01-02 01:33:36.530484,234.22,1.0,234.28,1.0
1717,2014-01-02 01:33:37.030512,234.21,4.0,234.28,2.0
1718,2014-01-02 01:33:38.030441,234.21,4.0,234.28,3.0
1719,2014-01-02 01:33:38.530408,234.21,5.0,234.28,3.0
1720,2014-01-02 01:33:39.030802,234.21,4.0,234.27,4.0
1721,2014-01-02 01:33:39.526850,234.2,4.0,234.26,4.0
1722,2014-01-02 01:33:40.031881,234.2,5.0,234.26,3.0
1723,2014-01-02 01:33:40.532048,234.2,3.0,234.26,3.0
1724,2014-01-02 01:33:41.034974,234.22,1.0,234.27,1.0
1725,2014-01-02 01:33:42.029370,234.21,2.0,234.26,2.0
1726,2014-01-02 01:33:42.528841,234.21,1.0,234.26,2.0
1727,2014-01-02 01:33:44.032261,234.2,1.0,234.26,4.0
1728,2014-01-02 01:33:45.032393,234.19,2.0,234.24,2.0
1729,2014-01-02 01:33:46.533072,234.19,2.0,234.24,3.0
1730,2014-01-02 01:33:47.028869,234.18,2.0,234.23,3.0
1731,2014-01-02 01:33:47.533503,234.18,2.0,234.23,4.0
1732,2014-01-02 01:33:48.033250,234.18,2.0,234.23,2.0
1733,2014-01-02 01:33:49.033305,234.18,1.0,234.23,3.0
1734,2014-01-02 01:33:49.533558,234.17,2.0,234.23,3.0
1735,2014-01-02 01:33:50.533764,234.17,1.0,234.22,1.0
1736,2014-01-02 01:33:51.034417,234.16,1.0,234.21,4.0
1737,2014-01-02 01:33:51.534763,234.14,3.0,234.21,4.0
1738,2014-01-02 01:33:52.534466,234.14,3.0,234.2,1.0
1739,2014-01-02 01:33:53.534656,234.14,2.0,234.2,1.0
1740,2014-01-02 01:33:54.035147,234.13,3.0,234.2,4.0
1741,2014-01-02 01:33:54.535104,234.13,3.0,234.2,3.0
1742,2014-01-02 01:33:55.035141,234.13,1.0,234.2,3.0
1743,2014-01-02 01:33:56.035680,234.13,1.0,234.2,4.0
1744,2014-01-02 01:33:56.535899,234.12,3.0,234.19,3.0
1745,2014-01-02 01:33:57.035807,234.12,1.0,234.19,6.0
1746,2014-01-02 01:33:57.535815,234.12,1.0,234.18,1.0
1747,2014-01-02 01:33:58.036314,234.11,2.0,234.17,1.0
1748,2014-01-02 01:33:58.536348,234.11,16.0,234.17,4.0
1749,2014-01-02 01:33:59.536800,234.13,2.0,234.19,6.0
1750,2014-01-02 01:34:00.536533,234.12,2.0,234.19,6.0
1751,2014-01-02 01:34:01.536838,234.14,1.0,234.19,5.0
1752,2014-01-02 01:34:02.037120,234.12,2.0,234.18,1.0
1753,2014-01-02 01:34:02.537301,234.11,2.0,234.18,4.0
1754,2014-01-02 01:34:03.037205,234.11,4.0,234.18,5.0
1755,2014-01-02 01:34:03.537458,234.11,4.0,234.18,3.0
1756,2014-01-02 01:34:04.537617,234.11,4.0,234.17,1.0
1757,2014-01-02 01:34:05.038071,234.11,2.0,234.16,2.0
1758,2014-01-02 01:34:05.538643,234.09,1.0,234.15,2.0
1759,2014-01-02 01:34:08.038561,234.09,2.0,234.16,8.0
1760,2014-01-02 01:34:09.038505,234.09,2.0,234.16,10.0
1761,2014-01-02 01:34:10.039722,234.06,6.0,234.13,1.0
1762,2014-01-02 01:34:10.539519,234.06,6.0,234.13,3.0
1763,2014-01-02 01:34:11.040206,234.06,3.0,234.12,1.0
1764,2014-01-02 01:34:11.540464,234.04,2.0,234.12,4.0
1765,2014-01-02 01:34:12.540549,234.04,2.0,234.11,4.0
1766,2014-01-02 01:34:14.040538,234.04,1.0,234.1,1.0
1767,2014-01-02 01:34:14.535580,234.03,5.0,234.08,1.0
1768,2014-01-02 01:34:15.040976,234.03,4.0,234.09,2.0
1769,2014-01-02 01:34:16.544677,234.04,2.0,234.1,1.0
1770,2014-01-02 01:34:17.041416,234.03,2.0,234.1,4.0
1771,2014-01-02 01:34:17.541704,234.03,2.0,234.09,1.0
1772,2014-01-02 01:34:18.042006,234.03,1.0,234.09,4.0
1773,2014-01-02 01:34:18.541888,234.03,1.0,234.09,5.0
1774,2014-01-02 01:34:19.042076,234.03,1.0,234.08,2.0
1775,2014-01-02 01:34:20.042006,234.03,1.0,234.08,3.0
1776,2014-01-02 01:34:20.542672,234.02,3.0,234.08,3.0
1777,2014-01-02 01:34:21.542772,234.02,2.0,234.07,2.0
1778,2014-01-02 01:34:22.042713,234.02,1.0,234.07,3.0
1779,2014-01-02 01:34:22.543127,234.01,3.0,234.07,3.0
1780,2014-01-02 01:34:23.542859,234.02,1.0,234.07,2.0
1781,2014-01-02 01:34:24.039918,234.02,1.0,234.07,1.0
1782,2014-01-02 01:34:26.043685,234.02,1.0,234.07,2.0
1783,2014-01-02 01:34:26.543380,234.02,1.0,234.07,5.0
1784,2014-01-02 01:34:27.041615,233.98,1.0,234.04,3.0
1785,2014-01-02 01:34:27.542775,233.97,5.0,234.03,1.0
1786,2014-01-02 01:34:28.044406,233.98,1.0,234.03,1.0
1787,2014-01-02 01:34:28.544548,233.97,4.0,234.03,1.0
1788,2014-01-02 01:34:29.044473,233.97,2.0,234.03,4.0
1789,2014-01-02 01:34:30.544693,233.98,1.0,234.03,4.0
1790,2014-01-02 01:34:31.044930,233.98,1.0,234.04,6.0
1791,2014-01-02 01:34:31.545030,233.98,2.0,234.04,10.0
1792,2014-01-02 01:34:32.045242,233.98,3.0,234.04,11.0
1793,2014-01-02 01:34:34.045258,233.98,2.0,234.04,12.0
1794,2014-01-02 01:34:35.045311,233.98,2.0,234.04,15.0
1795,2014-01-02 01:34:36.045811,233.99,1.0,234.04,15.0
1796,2014-01-02 01:34:36.546055,233.99,1.0,234.04,14.0
1797,2014-01-02 01:34:37.045817,233.98,3.0,234.03,1.0
1798,2014-01-02 01:34:37.545757,233.98,3.0,234.03,2.0
1799,2014-01-02 01:34:38.046056,233.98,5.0,234.03,2.0
1800,2014-01-02 01:34:38.546442,234.0,1.0,234.04,14.0
1801,2014-01-02 01:34:39.546323,233.99,7.0,234.04,11.0
1802,2014-01-02 01:34:40.047129,234.01,7.0,234.06,1.0
1803,2014-01-02 01:34:40.547325,234.01,5.0,234.07,1.0
1804,2014-01-02 01:34:41.047357,234.01,7.0,234.07,2.0
1805,2014-01-02 01:34:42.547229,234.01,8.0,234.07,2.0
1806,2014-01-02 01:34:43.047441,234.02,1.0,234.07,1.0
1807,2014-01-02 01:34:43.548047,234.03,1.0,234.08,1.0
1808,2014-01-02 01:34:44.048089,234.04,1.0,234.1,2.0
1809,2014-01-02 01:34:44.548071,234.03,3.0,234.1,2.0
1810,2014-01-02 01:34:45.048288,234.04,1.0,234.1,1.0
1811,2014-01-02 01:34:45.548935,234.04,6.0,234.1,1.0
1812,2014-01-02 01:34:46.048507,234.05,1.0,234.1,1.0
1813,2014-01-02 01:34:47.048537,234.05,3.0,234.11,3.0
1814,2014-01-02 01:34:47.548919,234.06,1.0,234.11,3.0
1815,2014-01-02 01:34:48.048828,234.06,3.0,234.11,3.0
1816,2014-01-02 01:34:48.549656,234.08,1.0,234.13,1.0
1817,2014-01-02 01:34:49.047640,234.07,3.0,234.12,3.0
1818,2014-01-02 01:34:49.549885,234.06,8.0,234.11,4.0
1819,2014-01-02 01:34:50.549962,234.07,1.0,234.11,1.0
1820,2014-01-02 01:34:51.049728,234.07,3.0,234.11,1.0
1821,2014-01-02 01:34:51.548648,234.07,2.0,234.1,1.0
1822,2014-01-02 01:34:52.049779,234.08,1.0,234.11,1.0
1823,2014-01-02 01:34:52.550118,234.07,4.0,234.11,1.0
1824,2014-01-02 01:34:53.550483,234.07,6.0,234.11,1.0
1825,2014-01-02 01:34:54.550264,234.07,9.0,234.11,1.0
1826,2014-01-02 01:34:55.050826,234.09,3.0,234.14,5.0
1827,2014-01-02 01:34:55.550515,234.09,1.0,234.13,1.0
1828,2014-01-02 01:34:56.051338,234.1,3.0,234.14,4.0
1829,2014-01-02 01:34:58.050934,234.1,5.0,234.14,4.0
1830,2014-01-02 01:34:58.551500,234.1,8.0,234.14,3.0
1831,2014-01-02 01:34:59.051981,234.09,7.0,234.12,2.0
1832,2014-01-02 01:34:59.551888,234.09,3.0,234.12,3.0
1833,2014-01-02 01:35:00.051943,234.09,3.0,234.12,8.0
1834,2014-01-02 01:35:00.552279,234.08,4.0,234.12,8.0
1835,2014-01-02 01:35:01.052138,234.08,7.0,234.12,8.0
1836,2014-01-02 01:35:01.552432,234.08,4.0,234.12,8.0
1837,2014-01-02 01:35:02.052240,234.08,4.0,234.11,1.0
1838,2014-01-02 01:35:03.053556,234.03,4.0,234.07,2.0
1839,2014-01-02 01:35:03.553672,234.04,3.0,234.09,17.0
1840,2014-01-02 01:35:04.053578,234.04,3.0,234.09,19.0
1841,2014-01-02 01:35:04.553705,234.04,5.0,234.08,1.0
1842,2014-01-02 01:35:05.053855,234.03,4.0,234.07,1.0
1843,2014-01-02 01:35:05.553966,234.03,3.0,234.07,4.0
1844,2014-01-02 01:35:06.054203,234.03,2.0,234.07,6.0
1845,2014-01-02 01:35:06.554109,234.02,3.0,234.07,6.0
1846,2014-01-02 01:35:07.054175,234.03,1.0,234.07,6.0
1847,2014-01-02 01:35:07.554540,234.03,5.0,234.07,5.0
1848,2014-01-02 01:35:08.054450,234.03,4.0,234.07,5.0
1849,2014-01-02 01:35:08.554703,234.03,5.0,234.07,8.0
1850,2014-01-02 01:35:09.055027,234.02,3.0,234.06,2.0
1851,2014-01-02 01:35:09.555220,234.02,3.0,234.05,5.0
1852,2014-01-02 01:35:10.055287,234.01,4.0,234.05,8.0
1853,2014-01-02 01:35:10.555510,234.01,4.0,234.04,1.0
1854,2014-01-02 01:35:11.055516,234.01,4.0,234.04,3.0
1855,2014-01-02 01:35:11.555672,234.01,5.0,234.05,6.0
1856,2014-01-02 01:35:12.055680,234.02,1.0,234.05,4.0
1857,2014-01-02 01:35:12.556046,233.99,5.0,234.04,4.0
1858,2014-01-02 01:35:13.056703,233.95,6.0,233.98,1.0
1859,2014-01-02 01:35:13.555749,233.94,3.0,233.99,1.0
1860,2014-01-02 01:35:14.056808,233.95,3.0,233.99,4.0
1861,2014-01-02 01:35:14.557086,233.94,4.0,233.98,2.0
1862,2014-01-02 01:35:15.056749,233.95,4.0,233.98,4.0
1863,2014-01-02 01:35:15.557127,233.95,4.0,233.98,5.0
1864,2014-01-02 01:35:16.056623,233.95,2.0,233.98,3.0
1865,2014-01-02 01:35:16.557362,233.95,2.0,233.99,1.0
1866,2014-01-02 01:35:17.057346,233.94,2.0,233.99,1.0
1867,2014-01-02 01:35:17.557713,233.94,2.0,233.99,14.0
1868,2014-01-02 01:35:18.057518,233.94,2.0,233.99,4.0
1869,2014-01-02 01:35:18.559012,233.78,2.0,233.86,2.0
1870,2014-01-02 01:35:19.059296,233.79,4.0,233.85,4.0
1871,2014-01-02 01:35:19.557572,233.76,3.0,233.83,1.0
1872,2014-01-02 01:35:20.059055,233.78,1.0,233.83,3.0
1873,2014-01-02 01:35:20.559476,233.79,2.0,233.86,2.0
